2384 4134
207 454 293 524 ruo
316 454 443 523 norro
466 450 554 521 suo
576 453 639 522 ro
661 449 836 520 rourrr.
861 471 923 538 107

154 654 187 699 ru
205 631 363 715 parricida
379 630 479 694 talem
501 608 590 693 dicat
611 625 723 706 luisse,
754 638 791 693 ut
809 650 862 697 me
880 632 919 697 ab

154 747 271 811 onibus
289 745 331 809 ad
346 764 452 809 meam
471 740 636 826 pristinam
655 743 845 824 dignitatem
863 767 918 810 ex·

154 862 258 924 titum
270 868 370 941 atque
384 866 573 949 revocatuur
584 856 760 939 queratur?
777 859 829 920 An
842 878 918 923 vero
930 874 961 933 ss

176 973 297 1056 judicio
323 970 459 1054 periculi
484 968 566 1034 nihil
595 970 682 1047 fust3
717 971 919 1053 privilegium

154 1086 294 1163 ruimus,
315 1106 376 1161 ne,
396 1084 476 1149 mihi
489 1084 635 1167 praesenti
646 1080 783 1149 fi-orulte
796 1086 920 1168 irrogo·

154 1208 229 1276 tur,
256 1220 351 1265 nemo
374 1195 616 1265 intercederet?
643 1196 727 1261 Tum
744 1198 837 1282 inops
859 1218 918 1263 au·
945 1228 948 1237 ·

154 1332 188 1377 ru
203 1333 264 1398 ego
280 1332 368 1378 eram
386 1312 425 1375 ab
439 1310 570 1395 amicir,
592 1320 652 1375 aut
664 1320 730 1377 tum
745 1317 831 1378 nuda
848 1332 919 1377 res·

154 1428 250 1491 rblica
269 1445 291 1490 ε
312 1423 575 1508 magistratibus?
611 1422 726 1501 Quid?
753 1425 917 1491 fivocatae

154 1542 222 1605 ibus
245 1537 362 1615 esseut,
384 1538 646 1623 proscriptionem
669 1558 735 1602 non
757 1539 918 1629 dicturio

154 1676 193 1732 e,
215 1654 262 1716 ita
275 1654 314 1716 de
330 1652 385 1715 sua
397 1651 499 1717 solute
515 1652 653 1729 merito,
674 1649 727 1716 sed
740 1653 870 1715 omniuo
884 1655 917 1718 in

154 1767 185 1831 lo
200 1765 263 1831 civi
281 1762 596 1849 comprobavissentl
622 1765 693 1842 An,
715 1762 739 1829 fi
758 1785 819 1847 ego
835 1785 917 1849 prae-

154 1900 187 1943 uc
203 1877 351 1955 suiffem‚
373 1888 499 1944 veteres
523 1879 591 1943 illae
611 1850 713 1962 coiriae
733 1879 917 1962 conjurato·

154 2014 211 2070 Ιιιι,
232 1993 349 2076 tuique
370 1993 486 2075 perditi
507 1992 626 2057 milites
646 1999 743 2075 atque
762 2002 917 2074 egentes,

171 2124 257 2169 nova
273 2106 323 2170 vis
341 2104 648 2169 sceleratillimorum
665 2106 827 2170 consulum
843 2128 916 2173 cor·

154 2218 188 2281 vri
222 2238 294 2281 meo
331 2217 578 2298 pepercissent?
615 2219 673 2303 qui
700 2239 774 2280 curn
804 2241 916 2285 eorum

154 2331 261 2395 onium
277 2330 477 2407 crudelitati,
497 2330 673 2414 scelerique
688 2330 857 2410 celsrssem,
874 2354 916 2397 ne

154 2445 225 2509 sens
241 2443 372 2529 quidem
387 2439 476 2507 lustu
492 2463 566 2509 meo
580 2451 706 2507 mentes
722 2444 854 2509 illorum
869 2445 915 2508 sa-

154 2559 191 2621 ui
204 2557 310 2640 potui.
334 2557 424 2632 Quid
440 2557 526 2620 enim
542 2575 601 2621 vos
617 2576 701 2622 uxor
717 2576 788 2621 mea
803 2558 914 2622 misera
926 2574 979 2659 ²3

154 2669 276 2736 clarat?
298 2689 397 2753 quam
413 2669 600 2747 vexavistir,
614 2670 809 2755 raptavistis,
826 2672 914 2735 omni
925 2667 958 2720 ⁵⁹

154 2784 305 2849 udelitote
323 2776 528 2849 laceravistis.
555 2783 634 2869 quid
651 2803 725 2848 mea
745 2784 837 2850 filia?
858 2806 915 2849 cu·

154 2896 277 2963 rfletuo
297 2895 453 2975 assiduus,
475 2897 646 2980 sordesque
659 2897 833 2980 lugubres,
856 2921 916 2965 vo·

154 3018 270 3075 rerunt
284 3008 452 3092 jucundae3
468 3018 651 3075 ceterorum
666 3012 809 3076 omnium
824 3033 915 3077 men·

154 3142 187 3199 c,
215 3121 394 3206 oculosque
414 3123 600 3189 fletiebuut.
632 3125 709 3208 quid
730 3144 850 3208 parvus
873 3126 915 3193 fi·

154 3233 202 3300 u?
231 3253 349 3319 quem,
371 3237 526 3320 quamdiu
545 3237 653 3315 obfui,
675 3258 771 3302 nemo
792 3238 850 3302 oifi
865 3242 915 3304 lo·

154 3358 335 3433 umentem,
357 3347 607 3435 confestumque
623 3350 720 3430 vidit3
740 3352 816 3437 quid
828 3355 915 3416 sece-

154 3470 193 3540 t,
221 3464 308 3546 quod
329 3484 404 3530 euru
428 3465 527 3529 toties
555 3484 614 3551 per
631 3463 765 3529 'insidias
788 3465 913 3530 interfi-

154 3594 185 3643 re
203 3574 373 3646 voluistis?
401 3577 491 3659 Quid
508 3579 609 3649 stater
622 3577 742 3646 neus?
765 3580 914 3665 quicum
