2384 4134
194 380 260 462 29⁶
456 378 734 447 ORATIO

199 553 378 639 concidere„
396 562 583 620 moererent.
636 536 861 637 Flagitabamr
882 552 922 618 ab
943 551 984 639 bia
1030 571 1039 635 q

200 651 343 750 quotidie
370 689 444 732 cum
476 668 617 751 querelis
640 644 798 732 bonorum
831 667 988 743 omnium,
1036 698 1039 715 ·

200 768 384 844 tumeliam
405 783 553 864 precibus
569 783 718 858 senatus,
740 788 906 844 utineam
924 758 990 843 cau·

200 893 266 956 fam
288 893 498 977 susciperent,
527 900 681 977 agerent;
714 893 839 975 aliquid
860 893 993 976 deniquo

201 1008 242 1069 ad
256 1008 398 1072 senatum
414 1009 580 1072 referrent.
602 1007 636 1070 hi
649 1026 713 1069 nou
730 1009 827 1070 modo
841 1007 993 1089 negando,

200 1121 369 1184 sedetiam
388 1123 569 1199 irridendo,
590 1117 814 1203 ampliffimum
836 1138 995 1202 quemque

161 1233 291 1296 abillius
307 1235 427 1299 ordinis
440 1235 698 1318 insequebantur.
723 1232 788 1295 Hic
801 1231 910 1295 subito
925 1252 994 1295 cun

136 1435 138 1437 ι
199 1348 395 1411 incredibilis
411 1348 444 1410 in
459 1347 652 1431 Capitolium
674 1346 850 1410 multitudo
874 1368 916 1410 ex
933 1353 996 1409 tota

195 1437 297 1535 urbe,
321 1459 501 1543 curitaque
521 1461 618 1524 Italia
637 1452 996 1551 conveniffetffvesten

200 1579 388 1638 mutandam
403 1594 526 1648 omnes,
543 1595 659 1659 meque
675 1573 775 1638 etiam
792 1572 887 1635 omni
901 1572 997 1636 ratic·

197 1708 256 1764 ne,
278 1691 404 1769 privato
421 1687 547 1751 consilio
570 1687 740 1775 (quoniam
755 1682 896 1768 publicis
911 1685 999 1749 duci·

198 1801 258 1865 bus
276 1804 455 1882 respublica
477 1805 622 1879 careret)
645 1799 884 1865 defendendum
904 1807 999 1881 puta·

196 1924 283 1976 runt.
328 1916 408 1976 Erat
428 1916 540 1977 eodem
562 1920 709 1997 tempore
727 1912 857 1979 senatus
878 1912 915 1975 in
929 1913 1000 1977 aede

197 2007 400 2101 Concordiae,
422 2029 506 2109 quod
524 2028 626 2113 ipsum
648 2027 804 2109 templum
821 2026 1000 2108 repraesen-

194 2140 284 2202 tabat
303 2140 490 2203 memoriam
505 2120 689 2205 consulatus
711 2140 795 2215 mei,
818 2158 897 2202 cum
914 2139 999 2202 flens

194 2253 362 2317 universus
386 2255 464 2316 ordo
487 2254 707 2318 cincinnatum
731 2251 899 2316 consulem
923 2271 999 2316 ora-

193 2368 260 2432 bat.
283 2385 357 2429 nam
374 2368 456 2430 alter
477 2367 532 2431 ille
548 2367 699 2432 horridus
716 2362 750 2429 si
767 2364 900 2429 severus
918 2386 999 2429 con·

192 2481 274 2543 fulto
292 2480 321 2542 se
338 2480 424 2542 domi
441 2480 634 2545 continebat.
665 2480 739 2554 Qua
749 2488 828 2553 ,tum
845 2477 999 2561 superbia

194 2613 323 2656 coenum
337 2594 416 2656 illud
426 2612 463 2655 ac
475 2594 575 2670 labes,
588 2589 768 2673 amplissimi
782 2591 906 2654 ordinis
920 2611 996 2676 pre-

192 2726 265 2784 ces,
289 2705 324 2771 δι
344 2702 590 2770 clariffimorum
608 2706 729 2768 civium
752 2703 919 2786 lacrymas
942 2725 995 2769 re·

192 2819 365 2903 pudiavit2
387 2838 439 2883 me
455 2818 557 2902 ipsum
570 2829 607 2882 ut
625 2815 791 2882 contemfit
808 2817 920 2882 helluo
936 2838 996 2902 pa-

188 2932 284 2997 trIae?
305 2952 380 3015 nam
395 2934 471 3018 quid
485 2953 546 3016 ego
565 2931 751 3016 patrimonii
763 2931 886 3008 dicam,
901 2933 992 3015 quod

186 3047 267 3123 ille,
296 3068 373 3111 cum
396 3045 483 3132 quasr
504 3046 661 3130 quaestum
683 3047 828 3122 faceret,
858 3043 991 3110 amitit?

186 3161 269 3226 Cum
287 3160 418 3225 venisset
431 3163 471 3224 ad
483 3162 636 3237 senatum,
651 3179 721 3235 vos,
736 3158 878 3241 inquam,
893 3160 991 3242 equi·

184 3267 237 3340 tes
256 3273 412 3352 Romani,
434 3271 469 3338 dc
486 3294 598 3338 omnes
615 3274 709 3348 boni,
731 3270 816 3337 veste
837 3277 988 3349 mutata,

182 3409 262 3465 vos,
285 3390 434 3469 inquam,
457 3390 515 3469 p'ro
537 3408 610 3451 meo
633 3385 737 3469 capite
754 3385 793 3447 ad
814 3387 915 3467 pedes
939 3387 988 3450 le·

179 3505 273 3569 nonis
294 3498 493 3586 imporissimi
515 3498 719 3586 projecistis,
748 3516 842 3577 cum,
870 3497 988 3565 vestris
