2384 4134
225 450 310 518 PRO
332 450 461 517 DOMO
484 447 570 517 SVA
592 448 655 515 An
678 443 852 514 PONTIF.
877 460 939 528 103

85 642 87 653 '
122 628 314 694 consularis
347 645 412 689 non
444 623 668 699 obtinuerint,
700 621 734 686 id
764 630 799 685 te
826 616 938 703 posse,

139 743 285 808 omnium
308 740 488 815 facinorum
514 736 550 802 dr
573 735 753 821 stuprorum
770 734 936 807 omnium,

139 854 296 921 Documis
320 852 356 918 dr
378 852 497 917 Clodiis
524 847 732 924 custoribus,
765 842 937 911 obtinere?

139 966 257 1033 Tuliiii
272 969 314 1031 de
328 987 399 1044 me,
414 985 455 1029 ne
472 964 649 1047 reciperer,
664 982 730 1027 nou
741 969 778 1025 ut
793 960 932 1035 exirem
946 973 979 1031 51

139 1101 239 1166 quem
254 1087 292 1143 tu
310 1079 376 1162 ipse
392 1097 457 1143 non
480 1088 611 1163 potetur
631 1076 738 1142 dicere
756 1093 821 1139 non
838 1071 936 1135 licere

138 1192 203 1259 effe
219 1190 352 1258 ‘Roma
386 1192 485 1268 Quid
508 1190 594 1257 enim
617 1186 772 1255 diceres?
805 1170 1002 1262 damna-26

137 1305 237 1372 tum?
259 1316 436 1373 certenon.
458 1301 650 1389 expulsum?
672 1303 730 1387 qui
747 1300 861 1364 licuit?
882 1297 936 1363 sed

137 1426 248 1486 tamen
269 1441 312 1485 ne
332 1420 367 1482 id
390 1419 525 1507 quidem
543 1417 588 1482 est
612 1417 790 1500 scriptum,
818 1421 857 1478 ut
879 1433 937 1477 ex-

112 1596 116 1614 ,
134 1533 232 1598 irem.
262 1551 361 1617 pocot
372 1531 434 1610 est,
450 1531 692 1615 quireceperit3
715 1547 811 1613 quom
826 1545 937 1590 omnes

138 1645 360 1728 neglexerunt.
395 1643 510 1727 ejectio
533 1645 689 1727 nusquam
711 1642 767 1707 eii.
812 1638 938 1707 Verum

137 1758 188 1824 irt.
207 1758 309 1842 quid?
321 1778 456 1843 operum
468 1758 669 1842 publicorum
681 1752 825 1822 exactio:
839 1752 937 1837 quidi

137 1872 277 1945 nominic
301 1872 484 1956 inscriptio,
507 1871 567 1936 tibi
592 1890 671 1935 uum
692 1860 788 1934 ¹aliud
810 1869 939 1934 videtur

109 2056 112 2061 ,
136 1982 216 2064 effe,
232 2004 273 2049 oc
288 2006 435 2051 meorum
446 1986 606 2050 bonorum
621 1983 779 2066 direptio:
801 1988 938 2065 practer·

137 2116 256 2181 quum,
279 2099 425 2181 quodne
446 2099 479 2161 id
501 2098 631 2181 quidem
647 2117 703 2180 per
724 2099 827 2179 legem
849 2096 937 2160 Lici·

135 2211 242 2286 niam,
265 2219 303 2273 ut
315 2211 380 2293 ipse
394 2211 453 2273 tibi
468 2209 668 2273 curationem
686 2212 807 2286 ferres,
829 2212 938 2274 facere

135 2321 293 2408 potuisti?
315 2322 405 2396 Quid
425 2323 487 2386 hoc
502 2322 624 2404 ipsum,
648 2323 733 2406 quod
751 2342 835 2385 nunc
851 2323 936 2405 apud

135 2435 309 2522 pontifices
327 2435 412 2517 agis,
434 2443 468 2501 te
487 2455 593 2499 meam
611 2436 741 2499 domum
762 2436 938 2499 consecras·

134 2550 185 2627 se,
207 2558 242 2613 te
258 2557 502 2613 monumentum
517 2548 644 2627 seciiie,
667 2548 701 2611 in
718 2549 798 2610 meis
814 2551 938 2614 aedibuc

135 2671 171 2726 te
188 2661 311 2746 iignum
334 2661 505 2739 dedicasse,
527 2682 630 2745 eaque
647 2670 680 2724 te
698 2683 737 2725 ex
758 2682 824 2724 una
842 2684 938 2746 rogo-

134 2777 286 2840 tiunculo
301 2775 427 2852 feciffc3
450 2797 551 2839 unum
569 2775 603 2840 dr
619 2776 706 2839 idem
723 2777 937 2856 videturesse,

139 2899 239 2970 atque
265 2888 318 2965 id,
341 2891 427 2971 quod
449 2891 488 2952 de
511 2889 651 2971 meipso
675 2890 864 2953 nominatim
883 2900 936 2955 tu·

134 3000 230 3065 listi?
264 3001 347 3064 Tam
367 3003 497 3066 hercule
521 3001 566 3064 est
586 3023 705 3079 unum,
728 3023 825 3086 quam
850 3008 981 3087 quodsz

133 3113 221 3179 idem
245 3118 285 3178 tir
309 3115 381 3196 lege
404 3135 472 3180 una
491 3115 614 3181 tulisti:
647 3126 683 3179 ut
699 3118 839 3199 Cyprius
858 3138 936 3195 rex,

135 3227 230 3310 cujus
245 3228 382 3310 majores
400 3216 475 3292 huic
490 3231 608 3313 populo
631 3230 706 3292 socii
726 3242 823 3315 atque
841 3234 937 3295 amici

131 3341 256 3424 semper
272 3344 412 3419 fuerunt,
423 3363 497 3406 cum
510 3344 603 3406 bonis
623 3346 770 3407 omnibus
784 3345 839 3409 sub
852 3364 936 3426 prae-

133 3475 216 3518 cone
232 3455 456 3537 subjiceretur,
481 3454 653 3520 &exsules
670 3459 865 3543 Byzantium
886 3478 938 3520 re-

133 3569 344 3637 ducerentur.
389 3571 522 3652 Eidem,
545 3571 671 3656 inquit,
689 3583 828 3654 utraque
845 3573 885 3635 de
902 3590 939 3637 re

688 3681 720 3748 G
745 3701 766 3765 c
