2384 4134
1047 173 1053 280 i

198 277 262 340 na
429 211 783 338 onnrron

200 425 1008 536 amfflnfflmmmwnffi

199 564 278 622 rara
291 555 329 620 nt
343 557 530 637 calamitae,
553 557 588 626 ἀ
607 579 627 622 a
644 561 831 644 reipublicae
848 558 1009 647 perieulis

199 669 395 753 sejungatur.
435 664 501 737 Sed
512 680 549 735 tu
565 680 602 737 ut
617 674 704 739 vitiia
716 674 783 740 tuis
797 692 1009 747 commovea-

200 801 256 862 re,
277 792 316 848 nt
329 784 438 867 legum
452 803 566 868 poenaa
578 773 800 868 pertimesear,
824 799 862 854 nt
877 797 1011 874 tempn-

200 898 291 964 ribus
307 896 491 980 reipnblir'ae
506 902 680 978 concedas,
704 900 826 967 nonest
841 896 1009 988 postulan-

202 1013 291 1076 dum.
319 1030 427 1094 neque
440 1001 573 1089 enimin
593 1031 647 1092 ea,
670 1013 826 1094 Catilina,
848 1003 885 1081 nt
900 1024 935 1083 te
946 1025 1009 1086 aut

131 1197 140 1224 s
201 1125 307 1208 pudor
328 1143 346 1188 a
368 1124 583 1210 turpitudine,
605 1135 661 1207 aur
679 1137 786 1194 metra
802 1118 821 1192 a
838 1130 1009 1214 periculo,

159 1256 193 1310 23
205 1246 261 1304 aut
279 1238 361 1302 ratio
381 1240 527 1304 afurnre
547 1241 717 1326 revocarin
763 1242 1009 1323 Quamobrem,

203 1361 240 1416 ut
261 1352 342 1436 saepe
360 1352 427 1436 jam
449 1353 533 1431 dixi,
556 1350 777 1443 profieiscerer
801 1372 855 1433 ac,
878 1353 902 1419 fi
925 1351 1010 1421 mihi

200 1465 352 1546 inImico,
375 1476 415 1531 ut
429 1468 602 1550 praedicas,
625 1473 683 1531 tun
700 1449 841 1533 conflare
858 1470 907 1534 via
920 1470 1010 1536 invi·

204 1581 312 1658 diam
342 1577 429 1644 resta
452 1599 547 1663 perge
569 1580 604 1643 in
626 1577 790 1645 exfilinrna
821 1583 876 1647 vix
900 1584 1010 1662 feram

203 1693 554 1770 remuneraturum,
576 1689 600 1754 fi
614 1694 791 1759 infeceris:
813 1694 868 1760 vix
883 1693 1008 1760 rnnlenr

202 1795 294 1872 nnus
310 1807 461 1885 innare,
479 1805 555 1870 nn
571 1803 716 1872 exnnum
734 1790 810 1872 nen
828 1806 910 1892 jura
927 1826 1011 1872 ean·

202 1920 280 1984 iulia
289 1963 301 1998 ‚
324 1918 492 1984 sustinebo.
524 1918 569 1984 fin
585 1928 694 1984 autem
711 1900 826 1987 servire
843 1939 923 1986 meae
936 1920 1011 1986 lau·-

128 2031 143 2041 ‘
204 2035 237 2099 di
252 2031 286 2098 δι
299 2032 411 2115 gloriae
424 2033 543 2112 mavis;
567 2033 721 2117 egredere
734 2055 810 2098 rum
823 2035 1012 2117 importuna

103 2134 107 2139 ’
202 2149 429 2213 sceleratorum
445 2165 565 2212 manua
592 2129 703 2210 confer
722 2154 755 2212 te
771 2148 812 2211 ad
828 2140 1010 2212 Manlium':

204 2260 331 2326 concita
351 2261 492 2346 perditor
515 2262 627 2334 niven:¹
650 2259 775 2325 secerne
795 2268 829 2324 te
851 2280 870 2324 a
893 2259 1010 2325 bonis:

202 2376 296 2459 infer¹
307 2375 421 2458 patriae
441 2375 587 2451 bellurn3
618 2373 742 2438 exsulta
757 2373 857 2454 impin
875 2373 1010 2450 latroni·
1029 2401 1032 2407 ·

203 2490 279 2568 nio,
301 2496 340 2555 ut
354 2507 438 2552 ame
454 2507 520 2550 non
533 2483 655 2568 reinerus
671 2489 711 2550 ad
727 2487 868 2563 elienor,
889 2486 941 2550 sed
955 2486 1010 2548 in-

161 2604 326 2685 navitatur
350 2579 391 2664 ad
413 2608 486 2664 tuos
511 2598 568 2663 iiie
589 2599 740 2681 videaris.
797 2601 1010 2681 Quamquam

131 2711 136 2719 ’
206 2715 287 2799 quid
308 2734 367 2796 ego
385 2720 419 2777 te
437 2712 590 2795 invitem,
613 2730 631 2775 a
656 2709 720 2796 qun
740 2711 806 2795 jam
826 2713 921 2777 sciam
944 2709 1011 2776 effe

205 2825 399 2913 praemiffns,
422 2826 479 2908 qni
494 2825 552 2889 tibi
566 2828 606 2889 ad
621 2826 727 2889 inrum
742 2826 911 2890 Aurelium
924 2842 1012 2907 prae-

207 2941 400 3007 stolarentur
414 2937 553 3003 armatii
581 2937 676 3002 idam
697 2938 823 3022 pariam
842 2936 876 3001 δι
892 2934 1012 3000 consti·

206 3063 310 3120 tutam
327 3051 390 3119 effe
405 3072 480 3117 cunr
497 3044 619 3116 Manlii>
640 3051 749 3117 diem?
785 3072 804 3115 a
823 3071 886 3134 qun
908 3050 1010 3114 etiam

207 3167 347 3251 aquilam
364 3166 454 3231 illam
473 3174 674 3247 argenteam,
697 3183 793 3247 quam
808 3164 868 3229 tibi
884 3182 922 3227 ac
941 3162 1023 3227 tuia-
1042 3170 1044 3174 ’

209 3282 356 3345 omnibns
369 3278 575 3363 perniciosam
588 3272 651 3340 effe
666 3276 792 3342 confido
805 3276 839 3343 δι
853 3275 1012 3342 funestam

152 3418 154 3425 ·
208 3395 348 3461 futuram
359 3436 371 3473 ‚
394 3393 448 3461 cui
464 3391 553 3460 domi
573 3398 641 3459 tnae
659 3388 831 3458 sacrarium
851 3387 1010 3454 scelernm

836 3511 973 3570 rnnrnna
