2384 4134
140 426 143 431 ,
261 359 308 437 μ
526 324 850 459 orurro‘
975 392 1026 453 9

259 517 408 591 ,frustum
437 517 503 584 mei
534 519 657 584 reditur
682 521 808 605 populo·
829 519 993 599 Romano
1024 525 1075 609 tri7

267 638 393 713 buunt,
415 615 473 711 ut,
489 619 757 718 quemadmodum
769 633 903 700 discessu
917 639 1076 702 mensio·

267 739 346 834 qum
362 750 486 832 inopia,
510 748 629 826 fames,
653 746 780 814 vastitas
789 752 804 826 ,'
821 751 951 826 cordes,
967 738 1077 816 inced-

268 865 339 942 dia,
359 864 479 947 rapinae
488 907 499 939 ,
516 862 669 927 scelerum
682 861 880 945 impunitos,
897 866 1003 947 suga,
1017 867 1079 930 sor·

270 979 377 1055 mido,
393 975 546 1040 discordia
559 974 683 1041 suiffet:
706 973 747 1041 fic
760 976 866 1040 reditu
885 997 965 1042 meo
985 981 1080 1071 uber·

269 1102 320 1156 tas
335 1109 502 1173 agrorum,
525 1072 654 1172 frugum
668 1089 779 1173 copia,
802 1088 869 1171 spes
883 1093 970 1167 otii,
991 1102 1082 1156 trao-

270 1202 627 1290 quislitasuoimdrum,
646 1201 783 1285 judicia,
805 1182 917 1285 seges,
942 1226 1082 1270 coneor-

242 1378 249 1386 .
271 1321 324 1383 dia
338 1317 448 1402 populi
457 1361 467 1392 ,
483 1315 608 1379 senatus
621 1312 818 1392 austoritas,
832 1335 968 1382 mecum
986 1319 1081 1387 fimus

270 1428 406 1497 redusta
424 1430 613 1496 videantur:
644 1426 708 1494 five
726 1409 854 1512 egomet
873 1431 1009 1515 aliquid
1028 1439 1082 1500 ad·

270 1554 370 1611 ventu
387 1565 476 1619 meo,
494 1539 643 1615 consilio,
661 1540 867 1616 autioritute,
887 1545 1082 1630 diligentia,

268 1680 327 1744 pro
349 1655 616 1725 tantobenesicio
636 1657 747 1739 populi
766 1655 902 1736 Romani
922 1662 1083 1742 proestare

269 1762 383 1839 debui:
399 1768 531 1854 praesto,
543 1771 714 1861 promitto,
729 1770 876 1853 spondeo.
899 1748 989 1837 nihil
1006 1778 1080 1842 dico

269 1887 429 1975 amplius:
462 1882 541 1973 irpc,
564 1885 659 1977 quod
668 1881 740 1946 satis
757 1881 801 1946 est
817 1882 893 1946 huic
911 1890 1080 1972 tempori,

267 1972 364 2074 dico,
393 1995 627 2078 rempublicam
646 1986 782 2060 ennonae
802 1975 958 2077 nomine,
986 2001 1027 2065 in
1047 2004 1081 2069 id

267 2111 455 2186 discrimen,
478 2127 545 2192 quo
562 2109 758 2187 vocabatur,
781 2128 846 2173 non
866 2107 932 2175 esse
956 2127 1079 2181 ventu·

228 2219 349 2306 8rrm.
394 2223 481 2289 Num
500 2223 599 2307 igitur
615 2223 649 2286 in
668 2222 731 2286 hoo
747 2221 876 2301 officio,
898 2230 990 2309 quod
1013 2230 1078 2295 fuit

223 2323 255 2376 ¹⁸
267 2338 430 2425 praeeipue
444 2357 571 2411 meum,
595 2335 752 2400 sententia
771 2356 845 2402 mea
861 2341 1076 2422 reprehendi·

266 2451 350 2517 tur?
381 2451 465 2515 Rem
483 2449 659 2514 maximam
680 2449 784 2534 eripui
810 2471 829 2516 e
849 2449 934 2533 peste
954 2453 1075 2535 summi

266 2563 426 2649 periculi,
448 2581 515 2627 non
537 2561 637 2627 solum
657 2580 755 2640 eam,
777 2561 829 2628 sed
849 2564 946 2627 etiam
969 2587 1075 2635 vost

265 2679 366 2755 oaede,
379 2675 548 2769 incendiis,
558 2675 723 2742 vastitate:
745 2695 839 2741 nemo
856 2685 972 2759 negot:
996 2702 1073 2749 cum

268 2794 309 2854 ad
327 2791 454 2854 causam
469 2775 615 2859 caritatis
632 2792 798 2854 accederet
816 2787 873 2853 iste
888 2789 1074 2874 speculator

266 2904 487 2969 communium
502 2903 720 2982 miseriarum,
743 2902 798 2987 qui
815 2903 937 2988 semper
951 2904 985 2968 in
1005 2909 1073 2975 rei.

264 3017 401 3100 publioae
415 3017 508 3080 masis
521 3016 649 3082 sceleris
663 3017 709 3080 sui
721 3019 808 3081 sacer
823 3017 1049 3086 inflammarit.

329 3128 436 3211 Negat
452 3128 630 3213 oportuisse
645 3130 819 3212 quidquam
835 3132 894 3195 uni
908 3139 999 3194 extra
1015 3154 1072 3198 or·

263 3242 371 3308 dinem
388 3243 528 3306 decerni.
552 3240 630 3306 Non
644 3242 710 3326 jam
726 3241 786 3308 tibi
800 3241 842 3307 fic
857 3244 1069 3328 respondebo,

262 3365 301 3448 ut
316 3357 453 3421 ceteris:
482 3356 542 3420 Cn.
558 3355 713 3439 Pompeio
728 3356 883 3441 piurima,
905 3358 1069 3440 periculo-

259 3467 372 3536 fiffima
383 3515 395 3552 ,
415 3468 554 3535 maxime
565 3513 579 3549 ,
600 3478 688 3535 terre
707 3470 852 3557 merique
868 3471 951 3538 belse
972 3480 1069 3539 extre

267 3712 278 3769 s
