2384 4134
275 463 342 550 34⁶
538 412 820 526 ounr1o
917 502 919 506 -
1011 485 1059 499 ==

222 714 226 720 ,
276 636 441 724 publicam
458 632 552 701 fnisse
566 634 744 718 poeniteatc
770 634 842 712 sed,
864 634 920 720 qul
940 635 1014 701 hacc
1031 638 1081 702 vl·

216 729 220 737 ⁵
276 755 372 827 dent,
381 748 613 826 adolescentes,
623 766 763 832 quonam
777 747 847 813 suas
860 758 986 813 mentes
999 769 1080 813 con·

274 862 414 930 ferent?
443 861 516 941 ille,
539 862 597 945 qni
619 871 829 926 monumenta
850 862 997 945 publica,
1020 864 1079 947 qui

277 981 364 1042 audes
378 977 499 1051 sacras,
521 975 581 1057 qui
596 976 708 1040 domos
722 974 931 1038 inimicorum
945 969 1079 1040 suornm

275 1090 495 1176 oppugnavit,
518 1088 657 1164 excidit,
678 1088 841 1165 incendit,
862 1090 919 1171 qui
941 1085 1080 1172 stipatus

275 1204 400 1285 semper
414 1200 553 1280 icariis,
571 1202 681 1286 septus
695 1200 846 1278 armatis,
866 1194 1014 1265 luunitus
1027 1202 1079 1266 in-

269 1319 399 1384 dicibus
419 1316 503 1392 suit,
524 1333 662 1398 qnorum
676 1312 773 1379 hodie
790 1316 884 1397 copia
896 1315 1077 1394 redundat,

272 1432 333 1514 qni
361 1428 624 1519 &peregrinam
660 1446 792 1491 manum
823 1428 1077 1493 facinorosorum

271 1542 465 1620 concitavit,
476 1539 510 1606 dr
524 1541 632 1607 servos
644 1541 685 1604 ad
702 1542 821 1604 caedem
835 1540 967 1606 idoneos
983 1542 1077 1621 emit,

272 1655 308 1724 ἃ
320 1657 357 1749 in
374 1657 541 1721 tribunatu
557 1673 720 1719 carcerem
734 1661 840 1718 toturn
854 1654 889 1718 ln
903 1655 1013 1719 forum
1026 1657 1076 1721 es·

268 1771 373 1847 ludit,
398 1769 512 1837 volitat
531 1769 653 1846 aedilic;
677 1767 914 1843 accusateum',
931 1769 999 1851 ‘qui
1015 1769 1076 1834 ali·

270 1899 337 1966 qua
359 1905 399 1947 ex
423 1890 513 1965 parte
535 1883 605 1963 ejus
624 1882 767 1945 furorem
787 1878 1001 1945 exsultantem
1022 1898 1077 1947 re-

266 1993 397 2080 presirt:
421 1994 491 2071 hic,
515 1994 571 2078 qui
586 1989 617 2057 se
630 1992 676 2057 est
689 2001 815 2057 tutatus
828 1990 887 2070 fic,
908 1980 947 2057 ut
961 1994 997 2058 in
1011 1995 1077 2079 pri·

268 2116 345 2172 vata
364 2127 398 2170 re
411 2110 488 2171 deos
507 2115 644 2189 penaten
658 2106 750 2183 suos,
771 2107 805 2169 in
821 2106 986 2189 republica
1001 2109 1075 2190 jura

267 2221 455 2284 tribunatus
464 2265 474 2296 ,
489 2219 692 2317 auspiciaque
702 2221 906 2296 defenderet,
925 2223 1075 2287 accusare

267 2335 541 2410 commoderate,
558 2352 657 2418 aquo
670 2332 738 2417 ipse
753 2333 875 2397 nefarie
892 2334 1080 2416 accusatur,

268 2465 326 2531 per
339 2448 465 2510 senatus
481 2445 707 2510 austoritatem
722 2466 787 2510 non
802 2444 847 2510 est
859 2444 949 2511 situs.

222 2587 258 2650 96
333 2559 497 2625 Nimirum
513 2560 575 2623 hoc
592 2560 673 2623 illud
689 2557 751 2637 est,
774 2560 862 2642 quod
877 2560 922 2622 de
945 2579 1000 2624 me
1016 2578 1075 2644 po-

264 2669 419 2738 tissimum
437 2677 474 2736 tn
491 2672 526 2734 in
541 2673 742 2737 accusatione
758 2670 907 2756 quaefists,
932 2692 1010 2758 quae
1027 2674 1075 2738 es·

264 2787 312 2851 set
326 2785 431 2849 nostra
444 2784 542 2853 natio⁴
551 2785 768 2868 optimatium.
789 2782 832 2848 fic
851 2786 939 2850 enim
954 2785 1072 2853 dixisti.

264 2899 346 2966 Rern
365 2898 483 2984 quaeris
501 2899 690 2980 praeclaram
710 2898 874 2981 juventuti
891 2900 933 2962 ad
949 2899 1075 2965 discen·

261 3016 360 3088 dum,
382 3032 444 3076 nec
465 3012 548 3076 mihi
566 3009 731 3076 difficilem
752 3013 793 3077 ad
817 3001 1071 3095 perdocendum.

260 3128 300 3192 de
315 3146 379 3211 qua
394 3145 514 3209 panca,
535 3123 680 3208 judices,
703 3125 826 3203 dicam
850 3124 905 3204 dr,
927 3133 969 3190 nt
983 3128 1073 3193 arbi·

258 3249 349 3317 tror,
372 3259 431 3304 nec
456 3239 495 3302 ab
518 3239 661 3303 utilitate
684 3259 816 3317 eorum,
841 3239 898 3321 qni
919 3240 1072 3320 audient,

257 3375 318 3419 nec
338 3354 377 3418 ab
398 3351 507 3415 officio
524 3351 650 3429 nostro,
680 3371 741 3416 nec
764 3353 803 3415 ab
828 3351 893 3435 ipsa
916 3354 1014 3420 causa
1033 3356 1070 3421 P.

193 3484 248 3575 45
257 3466 359 3534 Sextii
383 3466 567 3532 abhorrebit
590 3465 695 3531 oratio
716 3484 803 3531 mea.
849 3465 925 3530 Duo
949 3486 1070 3549 genera

252 3583 378 3672 semper
395 3580 431 3648 in
450 3579 512 3648 huc
532 3579 663 3657 ciuitate
683 3581 816 3654 scierunt
839 3599 978 3661 eorum,
1008 3582 1068 3667 qui
