2384 4134
273 392 317 456 44
474 372 854 441 ORATIOII.

273 549 359 626 iore,
382 545 527 612 fiumnia
544 547 761 615 nominasset?
782 569 847 614 uun
861 549 981 614 metuit
997 514 1083 618 iuvi·

273 663 372 726 diam.
395 636 595 744 Quiderg'o?
611 663 743 743 longum
755 663 890 745 putavit,
905 661 940 729 δι
953 663 1085 743 timuit,

274 797 317 842 ne
338 775 415 859 quid
434 775 630 858 praeteriret:
659 773 838 860 adieripiit,
862 762 1082 844 Amvnus

275 900 399 966 Qum.
441 907 504 971 qua
525 887 682 953 brevitate
703 872 772 953 raim
791 890 914 954 nullam
933 887 1004 957 affe
1025 912 1084 957 ax·

273 1008 400 1087 ceptam
413 1001 540 1067 videtis.
577 1001 745 1085 Quidquid
757 1021 835 1084 ergo
849 999 887 1066 fit
900 1009 996 1069 extra
1011 1004 1084 1069 Ila·

272 1119 368 1194 iiam,
392 1117 478 1198 quod
493 1115 657 1198 publicum
673 1116 784 1198 populi
802 1114 939 1179 Romani
951 1115 1082 1182 fastum

273 1230 330 1308 fit,
354 1229 391 1293 L.
411 1226 516 1306 Sulla,
540 1228 584 1304 Q.
603 1228 771 1310 Pompeio,
793 1229 998 1308 consulibua,
1023 1238 1083 1295 aut

231 1343 396 1450 39poliea,
418 1342 451 1406 id
472 1340 672 1406 decemviros
694 1340 786 1423 jubet
803 1341 954 1408 vendere.
992 1338 1083 1410 llos

221 1506 223 1514 .
273 1458 402 1540 capite,
427 1455 592 1532 Quirites,
616 1474 729 1518 omnes
747 1463 877 1537 gentes,
905 1440 1100 1537 nationes:

272 1569 473 1659 provincias,
496 1586 614 1650 regna,
636 1567 851 1633 decemvirum
866 1566 1038 1647 ditioni,
1028 1580 1084 1654 Ju-

273 1685 369 1761 dicio,
386 1680 754 1765 potestatiquepermiffa
768 1681 802 1747 δι
814 1683 997 1745 condonata
1015 1681 1083 1750 effa

141 1848 144 1853 -
272 1800 357 1865 dico.
393 1795 536 1858 Primum
551 1794 637 1857 enim
652 1795 715 1857 hoc
729 1815 850 1878 quaero,
872 1795 928 1878 qui
943 1773 1084 1861 tandem

272 1912 364 1976 locus
384 1908 516 1989 usquam
535 1905 592 1984 fit,
615 1927 712 1990 quem
732 1930 795 1971 nou
814 1906 928 1990 poilmt
945 1909 1084 1973 decem-

274 2023 337 2088 viri
357 2020 464 2084 dicere
482 2021 647 2115 publicum
666 2021 780 2104 populi
800 2022 936 2084 llomaul
949 2019 1014 2085 affe
1025 2024 1088 2116 ia*-

160 2198 165 2210 ,
273 2134 376 2199 dium.
412 2132 513 2210 Nam,
537 2135 712 2198 cumidem
732 2132 995 2218 puffitJudicare
1020 2136 1108 2218 qui-

134 2276 137 2279 *
273 2247 411 2314 dixerit:
435 2247 511 2339 quid
528 2246 589 2324 est,
614 2250 700 2331 quod
713 2268 779 2312 nou
794 2248 934 2312 liceatei
949 2246 1081 2326 dicere,

272 2364 330 2428 cui
343 2361 440 2434 liceat
459 2360 564 2425 eidem
583 2353 751 2444 judicare?
783 2356 996 2426 commodum
1014 2363 1084 2426 erit

272 2479 487 2560 Pergamum,
509 2473 703 2560 Smyrnam,
726 2473 870 2552 Tralles,
892 2471 1080 2557 Ephesum,

272 2592 443 2667 Miletum,
466 2587 626 2672 Cyzicum
636 2580 653 2664 ,’
669 2566 772 2650 totam
791 2583 929 2671 denique
947 2585 1079 2666 Afiam,

273 2722 348 2785 quae
365 2701 432 2785 pull
447 2701 485 2764 L.
505 2699 646 2776 Sullam,
670 2699 712 2774 Q.
729 2683 937 2784 Pompeium,
960 2701 1080 2779 consu·

139 2898 140 2902 ¹
272 2815 345 2890 les,
368 2821 556 2895 recuperata
578 2809 642 2889 fit,
664 2813 775 2895 populi
796 2813 933 2877 Romani
951 2804 1094 2895 fallam

160 2968 163 2975 ,
228 2961 264 3016 40
275 2925 336 2992 asse
351 2925 468 2990 dicere.
514 2924 632 2992 Utrum
647 2926 750 2990 aratio
766 2928 806 2991 ad
820 2925 889 3008 ejus
905 2927 952 2990 rei
967 2926 1076 3008 dispu-

129 3030 137 3036 ’
271 3041 428 3133 tationem
450 3039 575 3105 deerita
599 3059 658 3116 an,
682 3039 855 3103 cumidem
878 3038 911 3104 ἂ
929 3039 1074 3117 differet,

273 3152 308 3219 δι
322 3150 499 3247 iudicabit,
522 3153 644 3237 impelli
664 3172 728 3217 nou
748 3153 883 3236 putarit,
906 3160 943 3216 ut
958 3154 1073 3217 salsum

271 3264 417 3353 judicet?
439 3282 491 3344 an,
507 3263 530 3330 fi
545 3268 757 3330 condemnare
773 3263 878 3329 Aliam
893 3266 990 3336 volet.
1004 3275 1074 3330 ter·

237 3422 240 3434 ·
272 3399 378 3445 rorem
394 3380 607 3444 damnationis
620 3378 652 3444 &
670 3380 773 3443 minas
785 3399 866 3458 nou,
889 3380 1001 3463 quanti
1015 3400 1073 3444 vu·

270 3493 335 3574 let,
358 3491 546 3562 aestimabit?
568 3492 656 3599 Quid
674 3491 780 3587 (quad
795 3493 945 3577 disputati
961 3500 1073 3558 contra
