2384 4134
263 403 306 473 98
520 386 878 454 ORATIO-1

238 580 307 633 srn
319 562 360 625 de
376 560 537 626 tabulario
554 561 699 639 incenso,
721 561 817 641 longo
831 561 948 625 oratio
960 560 1009 627 est
1025 582 1069 627 ex·

263 673 451 758 prieneuda?
473 694 537 757 quo
550 675 583 737 in
600 676 731 738 crimine
746 675 952 757 propinquus
964 677 1003 742 C.
1017 675 1071 740 Re·
1112 698 1113 703 ¹

263 788 337 852 birii
354 787 477 868 judicio
498 785 715 852 clariffionoC
748 789 887 870 Curiuo,
924 807 988 872 pro
1015 789 1072 855 vir·

263 909 334 964 tute
349 900 413 976 sua,
435 897 480 961 est
494 897 705 964 houetiiffime
719 900 892 964 liberatus:
919 900 992 984 ipse
1003 922 1073 968 vero

265 1013 414 1078 Rabirius
433 1031 498 1075 non
521 1014 616 1075 rnodo
636 1013 671 1074 in
691 1010 848 1094 judicium
866 1013 992 1079 horum
1018 1015 1075 1079 cri·

263 1127 402 1202 minuto,
425 1125 475 1189 sed
489 1094 530 1188 ne
544 1125 578 1187 in
592 1123 806 1188 tenuiffrrnnm
820 1126 957 1207 quidem
977 1128 1075 1212 suspi-

264 1241 389 1304 cionem
408 1238 507 1301 verbo
524 1236 569 1302 est
588 1257 743 1319 umquam
765 1249 912 1302 vocatus.
958 1244 1020 1305 An
1037 1243 1072 1305 de

263 1351 379 1416 sororis
408 1349 475 1414 fitio
499 1350 686 1432 diligentius
709 1349 967 1432 respondendum
1005 1352 1071 1418 est?

263 1453 361 1547 quem
382 1466 421 1529 ob
443 1465 506 1527 hoc
527 1471 678 1527 necatum
699 1462 761 1527 effe
780 1461 902 1538 dixisti,
926 1485 1008 1528 oum
1034 1468 1071 1531 oi

260 1577 373 1661 judicii
399 1595 523 1639 morum
555 1575 723 1640 familiaris
748 1577 870 1639 funeris
900 1578 1070 1642 excusatio

260 1700 475 1775 quaereretur.
522 1688 608 1762 Quid
624 1688 710 1751 enirn
731 1687 775 1752 est
791 1696 859 1752 tom
877 1687 1087 1769 verifimile,·

261 1823 358 1888 quarn
374 1804 529 1866 cariorem
545 1801 623 1864 huic
638 1800 753 1864 sororis
769 1802 943 1878 meritum,
968 1776 1070 1886 qum

260 1915 377 1979 sororis
394 1913 497 1977 filiurn
514 1912 631 1978 iuiffei
652 1923 749 1997 atque
766 1915 812 1978 ito
828 1894 1010 1995 cariorem,
1031 1924 1071 1981 ut
1112 1956 1113 1961 κ

260 2029 343 2092 alter
360 2029 424 2090 vito
439 2024 648 2091 crudeiiffirne
663 2028 858 2109 privaretur,
881 2047 958 2091 cum
974 2030 1073 2111 alteri

260 2143 301 2205 od
323 2139 536 2223 prolationem
555 2139 666 2222 judicii
686 2141 817 2204 biduum
841 2142 1070 2222 quaerereturi

259 2255 314 2319 An
331 2255 371 2318 de
382 2251 479 2317 servis
493 2250 607 2316 olienis
621 2260 733 2315 contra
746 2253 849 2334 legem
865 2252 997 2333 Fabiam
1016 2275 1073 2320 re-

258 2367 379 2444 tentis,
400 2372 457 2429 out
471 2369 510 2430 de
522 2366 646 2429 civibus
663 2366 815 2429 Romanis
828 2373 939 2429 contro
955 2366 1073 2450 legem

259 2480 407 2545 Porciam
421 2479 596 2544 verberatis
612 2485 671 2542 out
683 2478 804 2558 necatis
819 2480 911 2560 pluro
928 2478 1077 2547 dicende

183 2653 186 2660 ,
257 2594 355 2671 sunt,
386 2612 459 2661 curn
484 2602 574 2654 tonto
591 2589 698 2654 ‘studio
724 2590 761 2655 C.
784 2591 933 2656 Rabirius
950 2578 1076 2658 'totius

258 2705 410 2787 Apuliae,
431 2702 583 2784 fingulori
601 2703 765 2769 voluntate
784 2704 968 2786 Campeniae
984 2704 1075 2771 vici·

258 2817 370 2880 nitatis
393 2814 553 2880 ornetur?
576 2834 715 2898 curnque
732 2819 772 2883 ad
789 2816 858 2896 ejus
876 2817 1074 2898 propulsan-

259 2930 338 2993 durn
354 2929 534 3011 periculum
546 2948 612 2991 nou
630 2930 901 3006 modohorniner,
922 2929 974 2992 sed
987 2948 1072 3012 pro·

258 3060 299 3124 pe
307 3041 453 3123 regiones
462 3041 534 3124 ipsae
544 3042 777 3119 concurrerint,
790 3042 953 3134 aliquanto
963 3041 1071 3106 etiam

257 3155 357 3219 latlus
380 3155 549 3233 excitate,
572 3175 667 3237 quoru
686 3153 782 3238 ipiius
805 3155 979 3218 vicinitatis
1000 3174 1068 3218 no-

258 3285 333 3332 rnen
346 3287 383 3330 ac
398 3267 528 3331 termini
544 3266 772 3351 postulabant?
805 3267 888 3330 Nom
906 3267 984 3347 quid
999 3286 1067 3348 ego

258 3381 299 3443 ad
314 3380 348 3444 id
360 3381 487 3461 longam
502 3382 683 3444 orationem
698 3399 893 3462 comparem,
916 3380 1004 3462 quod
1014 3378 1067 3451 est

228 3490 292 3557 in
320 3497 432 3560 eadem
462 3494 574 3559 nnuitae
607 3493 802 3577 irrogatione
834 3492 1065 3578 perscriptum,
