2384 4134
300 387 402 453 PRO
434 386 470 453 C.
504 385 750 452 RABIRIO.
863 405 924 449 ιιι

126 565 168 628 de
186 561 323 627 tribunis
342 561 485 638 aerariis,
508 573 755 643 ceterorumque
778 558 926 622 ordinum

126 677 270 739 omnium
287 675 481 750 hominibus,
504 675 645 757 quitum
662 692 751 736 arma
764 692 822 755 pro
837 692 926 735 com·

126 789 220 853 rnuni
244 791 393 852 libertate
416 787 596 870 ceperunt?
630 785 691 850 Sed
710 775 801 869 quid‘
809 806 868 866 ego
887 786 927 849 dc
943 782 995 839 10

126 905 167 968 iis
182 903 342 975 omnibus,
358 920 460 983 qur
406 900 605 964 ’‘consuiari
596 900 730 983 imperio
743 906 930 979 paruerunt,

129 1013 273 1098 loquor?
296 1017 335 1078 de
349 1013 489 1094 ipsorum
504 1014 669 1076 consulum
684 1014 769 1076 fama
784 1015 858 1094 qnid
876 1014 930 1075 su·

128 1136 239 1193 turum
254 1125 321 1191 est?
345 1127 382 1191 L.
397 1125 561 1202 Flaccum,
583 1125 746 1188 hominem
763 1145 836 1187 cum
849 1125 931 1188 sern-
966 1154 971 1177 ·

128 1262 186 1327 per
200 1243 232 1304 in
245 1241 417 1322 republica,
440 1248 510 1303 turn
521 1239 554 1302 in
569 1239 802 1320 magistratibus
817 1258 931 1319 geren·

131 1358 207 1431 dis,
230 1356 262 1417 in
290 1353 464 1416 sacerdotio
495 1352 780 1437 caeremoniisque,
811 1351 931 1432 quibua

130 1476 284 1553 praeerat,
307 1463 593 1548 diiIgentiisrmum,
617 1465 731 1527 nefarii
749 1463 873 1526 sceleris
891 1483 930 1527 ac

112 1565 292 1665 'parricidii
308 1588 469 1642 mortuum
488 1575 797 1640 condemnabimus?
819 1576 933 1658 adjun-

132 1695 246 1776 gemus
262 1693 301 1754 ad
316 1693 396 1753 hanc
410 1692 530 1768 labem,
552 1690 828 1772 ignominiamque
845 1683 933 1752 mor*-

108 1888 112 1895 .
132 1809 185 1883 tis,
199 1809 297 1870 etiam
308 1804 446 1873 C.stiarii
460 1804 602 1868 nomen?
626 1805 661 1868 C.
671 1804 819 1878 Marium,
835 1823 933 1885 quern

134 1940 208 1987 vere
224 1930 344 2000 patrem
360 1917 489 2000 patriae,
508 1925 689 2000 parentem,
706 1917 852 2007 inquam,
877 1938 933 1980 ve·
1005 1969 1015 1975 ,

133 2031 203 2096 sirac
217 2031 384 2107 libertatis,
406 2042 502 2112 atque
516 2029 648 2112 hujusce
662 2029 847 2112 reipublicae
864 2029 936 2111 pos·

132 2143 244 2208 sumus
267 2144 396 2218 dicere,
425 2143 549 2206 sceleris
575 2161 613 2205 ac
639 2143 800 2236 parricidii
821 2141 935 2205 nefarii

133 2264 301 2319 mortuum
322 2255 632 2319 condemnabimus?
668 2257 823 2330 Etenim,
854 2252 874 2315 ii
896 2254 976 2320 Cas

135 2369 286 2443 Rabirio,
309 2368 395 2449 quod
414 2366 452 2429 iit
474 2370 515 2429 ad
535 2385 643 2442 arma,
666 2384 794 2429 crucem
811 2367 853 2431 Τ.
871 2365 935 2429 La-

134 2483 247 2547 bienus
267 2482 300 2544 in
316 2499 427 2562 campo
447 2479 561 2541 Martib
576 2477 774 2561 defigendam
791 2481 934 2563 putavit:

135 2598 222 2679 qnod
249 2584 382 2657 tandem
401 2584 638 2673 excogitabitur
662 2592 696 2655 in
721 2613 797 2685 curn
819 2592 936 2674 suppli·
969 2656 972 2682 ἶ

134 2711 240 2785 cium,
263 2707 318 2790 qui
338 2703 491 2770 vocavit?
528 2708 594 2781 Ac,
616 2703 639 2766 sr
658 2704 741 2768 fides
764 2704 935 2769 Saturnino

135 2824 210 2885 data
227 2820 287 2896 est,
311 2822 398 2901 quod
413 2820 469 2882 aba
483 2827 516 2882 te
532 2816 695 2900 saepissime
710 2818 847 2883 dicitur:
858 2839 936 2909 {non

136 2952 208 3001 eam
224 2935 260 2996 C.
274 2932 431 3008 Rabirius,
454 2931 503 2996 sed
514 2932 551 2996 C.
564 2932 686 2995 [ilarius
700 2933 808 3009 dedit;
831 2932 936 2995 idem·
985 2937 991 2951 '

137 3064 201 3127 que
212 3044 350 3121 vioiavit,
373 3042 443 3107 fiiri
455 3044 518 3138 fide
532 3065 594 3106 non
605 3043 700 3108 stetit.
717 3126 720 3141 Ι
746 3045 830 3120 Quae
844 3043 937 3122 fider,
970 3112 977 3126 ,Ι

122 3156 291 3232 Labiene,
308 3157 363 3239 qui
375 3160 479 3239 potuit
494 3155 558 3221 inre
570 3157 833 3247 senatusconsulto
844 3159 938 3220 dari't
968 3183 970 3187 ·

136 3273 273 3340 Adeone
285 3269 398 3352 hospes
413 3269 541 3352 hujusce
552 3272 652 3345 urbis,
676 3273 798 3334 adeone
806 3273 938 3350 ignarus

137 3404 173 3447 ec
197 3384 391 3466 disciplinae,
414 3383 710 3466 consuetudinisque
739 3382 877 3469 nostrae,
900 3395 941 3448 ut

137 3496 207 3561 haec
222 3472 368 3573 nescias?
392 3506 429 3562 ut
443 3496 640 3580 peregrinari
655 3498 690 3560 iu
706 3497 810 3560 aliena
825 3497 940 3562 civita·
1055 3532 1057 3553 .
