2384 4134
199 453 205 465 ,
287 381 629 472 nosnnnoinun
649 385 699 451 lu
722 383 914 452 snunnu.
958 385 1002 468 ⁶9

198 579 263 627 non
282 560 542 643 mopinqnorum
565 558 739 625 multitudo
759 563 914 644 populum
935 557 1003 623 Ro·

197 693 331 739 manum
350 671 395 736 eil
415 674 608 756 deprecato:
631 691 717 750 non,
738 683 777 737 ut
796 692 853 756 pro
872 673 915 748 Q.
931 672 1001 737 llo·

198 786 304 863 tello,
334 785 455 859 summo
469 784 518 865 ..o
545 782 714 851 clariffimo
737 787 831 863 viro,
859 783 1000 870 spetiao

196 900 263 984 jam
278 898 490 971 adnleseentia
502 894 612 963 filius:
635 918 700 965 non
716 899 754 965 L.
769 898 805 965 ἂ
818 898 855 965 C.
864 898 1001 976 Metelli,

199 1011 396 1089 consulares,
418 1032 485 1075 non
506 1031 621 1077 eorum
638 1013 756 1091 liberi,
778 1033 845 1077 non
868 1013 911 1087 Q.
928 1011 1000 1076 Me-

199 1126 299 1191 tellus
316 1124 444 1209 Nepos‚
466 1125 524 1208 qni
539 1133 614 1207 tum
635 1125 834 1191 consulatum
851 1125 1000 1209 petebat,

198 1257 267 1303 non
281 1237 427 1315 Luculli,
437 1233 580 1315 senuisti,
599 1236 779 1324 Scipiones,
792 1239 999 1304 Metellorum

161 1392 164 1397 -
198 1350 292 1429 filii,·
307 1351 423 1419 flentes
445 1370 483 1415 ao
504 1351 679 1432 sordidati,
710 1353 831 1437 populo
852 1351 999 1446 Romano

199 1465 476 1548 supplicaverunt:
497 1464 550 1531 sed
567 1446 792 1542 nominator,
812 1466 871 1548 qui
893 1464 928 1528 in
945 1484 1000 1530 me

198 1579 338 1662 pietate,
353 1556 468 1655 fiiisstt.
484 1575 641 1656 confiliio,
654 1598 785 1662 putenm
809 1597 935 1654 amore,
950 1580 1003 1656 (ut

198 1691 294 1777 erat)
315 1692 417 1756 frater
432 1692 583 1757 laventus
601 1690 666 1768 est3
688 1690 882 1775 squalore&
893 1691 1004 1775 lacry-

189 1805 281 1884 mis,
296 1803 332 1869 δι
346 1800 542 1889 ςιιοτὶἃίὲιηίε
555 1805 721 1888 precibus,
734 1802 924 1870 desiderium
936 1805 1003 1870 mel

194 1910 341 1983 imminit
364 1918 540 1997 renovari,
560 1916 595 1983 ἂ
619 1939 727 1983 renum
747 1917 909 2002 gestarum
932 1938 1004 1983 me·

200 2031 343 2094 moriamv
355 2030 502 2114 usurpari
518 2031 634 2112 coligit.
657 2033 715 2112 qui
731 2052 808 2097 oum
826 2029 1003 2110 statuisset,

187 2139 260 2205 nili
272 2161 329 2224 per
345 2163 403 2211 vos
423 2163 475 2209 me
490 2141 720 2226 recuperaffet,
742 2146 877 2210 eandem
896 2144 1003 2210 subire

175 2321 178 2327 ,
201 2256 386 2331 fortunam,
409 2265 506 2337 atque
520 2255 606 2319 idem
621 2253 678 2319 fibi
690 2257 889 2319 domicilium
905 2256 939 2320 δι
954 2257 1005 2326 vi·

191 2379 246 2439 'tae
270 2366 306 2434 δι
328 2368 443 2431 mortis
461 2367 670 2451 deposcerem
700 2378 810 2433 tamon
828 2387 1006 2452 numquam

203 2502 264 2548 nec
282 2480 537 2564 magnitudinem
560 2481 700 2566 negotii,
722 2501 783 2556 neo
802 2480 1006 2545 solitudinem
1042 2488 1051 2497 ’“

201 2596 302 2672 sunm,
313 2615 374 2658 neo
391 2595 456 2660 vim
472 2595 679 2660 inimicorum
693 2615 731 2659 ac
744 2597 811 2660 tela
825 2595 1007 2678 pertimuit.

202 2709 296 2773 Alter
312 2709 374 2801 luit
388 2715 607 2791 propugnator
622 2728 767 2773 mentum
780 2707 1047 2786 fortunarum,38

202 2819 239 2885 ἃ
256 2809 401 2884 defensor
424 2819 582 2899 allidunt,
605 2821 728 2885 summa
744 2822 867 2887 virtute
889 2820 923 2887 ἃ
938 2822 1008 2905 pio·

202 2940 289 3010 tate,
310 2935 346 2998 C.
364 2932 451 3009 Piso,
470 2932 592 3017 gellen:
614 2935 670 3018 qui
686 2934 787 2998 minas
801 2935 1008 3001 inimicorum

203 3066 374 3123 meorum,
398 3047 456 3129 qui
480 3047 667 3112 inimicitias
691 3046 798 3112 affinis
821 3049 912 3126 mei,
934 3068 1009 3133 pro·

200 3159 393 3244 pinquissui,
410 3159 587 3226 consularis
598 3184 609 3239 ς
622 3160 679 3244 qui
695 3160 835 3226 Pontum
848 3160 882 3225 ἃ
892 3162 1010 3244 Bithy·

202 3274 291 3336 niam
308 3271 529 3356 quaestor.pno
546 3294 621 3338 mea
639 3271 740 3339 salute
755 3274 911 3357 neglexit.
947 3273 1009 3336 Ni-

202 3386 249 3450 hil
263 3405 415 3469 umquam
433 3387 562 3452 senatus
579 3389 619 3451 de
638 3387 674 3450 P.
694 3387 827 3470 Popillio
844 3386 1008 3464 decrevit,

202 3519 382 3584 numquam
402 3500 436 3565 in
461 3501 523 3564 hoc
549 3501 662 3566 ordine
681 3501 725 3578 Q.
742 3499 866 3565 Metelli
887 3498 1008 3562 mentio

762 3614 844 3698 Μ
