2384 4134
272 311 316 379 74
534 291 816 363 ORATIO

249 465 387 551 apellis,
409 465 498 533 hunc
518 477 555 532 tu
576 469 680 556 civem
703 472 812 546 ferro,
835 467 872 533 dr
896 469 1064 563 armis,&

272 583 435 646 exercitus
459 592 604 658 terrore,
628 582 663 647 dc
686 574 851 651 molstum
876 585 1065 663 scelere,d

268 694 547 764 audacillirnorum
571 656 740 761 hominu'm
762 690 861 761 minis
874 745 884 775 ‚
910 698 1067 765 servorun

270 794 416 889 deletio,
441 807 612 903 obsolirone
623 813 834 894 templorum,
858 813 1070 897 occupatione

269 926 353 1002 fori,
376 921 573 1007 opprelirone
591 924 709 998 curiae,
731 926 826 988 domo
842 923 878 988 dc
893 929 1025 1009 patria,
1040 947 1070 990 ne
1099 958 1101 965 ·

249 1122 254 1129 ⁵
271 1059 344 1108 cum
360 1037 514 1120 improbis
531 1037 609 1101 boni
621 1038 708 1102 ferro
724 1038 939 1116 dimicarent,
965 1044 1072 1105 cedere

268 1151 400 1229 curasti,
418 1170 512 1243 quem
532 1170 551 1216 a
568 1149 697 1227 senatu,
712 1171 804 1237 quem
823 1153 959 1218 abonis
974 1153 1072 1219 omni·

268 1269 349 1344 bus,
372 1285 469 1349 quem
486 1282 505 1327 a
521 1259 637 1330 cunita
651 1265 747 1328 Italia
761 1264 1006 1344 delideratum,
1029 1286 1072 1329 ar·

268 1377 432 1456 celiitum,
455 1384 660 1452 revocatum,
677 1377 900 1441 conservandae
918 1381 1074 1464 reipubli-

268 1514 316 1563 cae
334 1493 447 1568 causa,
470 1487 666 1554 confiteris?
702 1489 748 1554 At
764 1490 849 1552 enim
869 1491 903 1554 in
925 1492 1073 1581 senatuis

266 1607 395 1684 uenire,
409 1607 443 1668 in
459 1604 654 1687 Capitolium
670 1603 795 1666 intrato
803 1605 1004 1683 turbulento
1022 1609 1073 1673 illo

243 1723 319 1786 odie
337 1740 403 1782 non
421 1715 567 1780 debuisti·
606 1715 682 1802 Ego
699 1736 897 1798 veronaque
916 1722 1017 1798 veni,
1042 1720 1073 1785 dt

264 1837 359 1900 domo
376 1850 429 1894 me
444 1829 551 1905 tenui,
577 1829 731 1911 quamdiu
746 1830 974 1895 turbulentum
993 1842 1073 1898 tem·

261 1963 325 2031 pus
344 1943 426 2020 iuit3
452 1960 528 2005 cum
551 1941 658 2006 servos
679 1950 753 2006 tuos
776 1943 1009 2026 adrapinam,
1033 1949 1071 2013 ad

261 2046 422 2125 boiorum
441 2057 563 2119 casdem
580 2066 728 2138 paratos,
754 2077 828 2120 cum
847 2056 901 2120 illa
914 2067 977 2122 tua
994 2080 1071 2125 con-

262 2175 488 2239 sceleratorum
505 2189 543 2233 ao
557 2170 760 2254 perditorum
775 2188 891 2246 manu,
909 2186 1069 2252 armatos,

258 2289 296 2354 in
309 2285 501 2367 Capitolium
521 2291 629 2346 tecum
645 2281 763 2357 venilia
779 2283 952 2347 constabat.
980 2291 1070 2370 quod

263 2422 338 2466 cum
356 2398 435 2462 mihi
449 2396 754 2491 nu'ntiarsturfficio
769 2416 821 2460 me
839 2396 924 2459 domi
935 2401 1069 2465 mansis.

141 2541 144 2545 ν
262 2514 311 2591 se,
335 2510 369 2577 aa
383 2511 460 2584 tibi,
482 2507 516 2572 ὅτ
531 2509 760 2591 gladiatoribus
773 2509 837 2573 tuis
849 2504 1069 2579 instaurandae

263 2627 361 2694 caedis
386 2620 573 2708 potestatem
602 2642 666 2686 non
692 2618 808 2687 fecili‘e.
853 2618 1067 2705 posteaquam

261 2742 342 2806 mihi
363 2737 547 2809 nuntiatum
570 2735 634 2814 est,
656 2736 808 2819 populum
823 2732 1008 2800 Romanum
1034 2710 1066 2805 in

262 2853 475 2935 Capitolium,
504 2847 633 2933 proptor
656 2859 780 2914 metum
804 2856 901 2932 atque
921 2849 1067 2934 inopiam

261 2968 310 3031 rei
321 2964 555 3041 frumentariae,
567 2962 763 3040 couveuilie3
779 2961 938 3027 ministros
953 2973 1065 3029 sutem

258 3082 414 3146 scelerum
433 3086 565 3142 tuorum
582 3076 790 3162 perterritis,
813 3078 928 3160 partim
945 3076 1065 3141 amiliis

260 3195 394 3278 gladiis,
415 3192 532 3275 partim
545 3190 683 3275 ereptis,
706 3188 883 3274 diffugisse:
907 3191 981 3256 veni
996 3210 1062 3254 non

260 3311 362 3374 solum
378 3304 443 3370 fine
457 3305 533 3370 ullis
546 3304 647 3388 copiis
661 3322 699 3368 ac
715 3323 825 3381 manu,
836 3323 949 3370 verum
961 3305 1062 3368 etiam

233 3441 335 3501 rcum
346 3421 459 3506 paucis
470 3416 594 3485 amicis
617 3417 669 3483 An
684 3430 755 3503 ago,
763 3435 836 3483 cum
847 3419 881 3485 P.
890 3403 1062 3496 Lentului‚
