<?xml version="1.0" encoding="UTF-8"?>
<!DOCTYPE html PUBLIC "-//W3C//DTD XHTML 1.0 Transitional//EN"
    "http://www.w3.org/TR/xhtml1/DTD/xhtml1-transitional.dtd">
<html xmlns="http://www.w3.org/1999/xhtml" xml:lang="en" lang="en">
 <head>
  <title>
</title>
<meta http-equiv="Content-Type" content="text/html;charset=utf-8" />
  <meta name='ocr-system' content='tesseract 3.04.00' />
  <meta name='ocr-capabilities' content='ocr_page ocr_carea ocr_par ocr_line ocrx_word'/>
</head>
<body>
  <div class='ocr_page' id='page_1' title='image "./mtvlliiciceroni00cicegoog_0199.png"; bbox 0 0 2384 4134; ppageno 0'>
   <div class='ocr_carea' id='block_1_1' title="bbox 286 363 963 452">
    <p class='ocr_par' dir='ltr' id='par_1_1' title="bbox 286 363 963 452">
     <span class='ocr_line' id='line_1_1' title="bbox 286 363 963 452; baseline -0.003 -19"><span class='ocrx_word' id='word_1_1' title='bbox 286 388 297 411; x_wconf 86' lang='lat'><strong>·</strong></span> <span class='ocrx_word' id='word_1_2' title='bbox 338 365 435 433; x_wconf 76' lang='lat' dir='ltr'><strong>ono</strong></span> <span class='ocrx_word' id='word_1_3' title='bbox 468 363 506 430; x_wconf 76' lang='lat' dir='ltr'><strong>n.</strong></span> <span class='ocrx_word' id='word_1_4' title='bbox 535 364 769 431; x_wconf 78' lang='lat' dir='ltr'><strong>nvnnnn.</strong></span> <span class='ocrx_word' id='word_1_5' title='bbox 851 428 853 432; x_wconf 84' lang='grc'>,</span> <span class='ocrx_word' id='word_1_6' title='bbox 900 385 963 452; x_wconf 79' lang='lat'><strong>197</strong></span> 
     </span>
    </p>
   </div>
   <div class='ocr_carea' id='block_1_2' title="bbox 89 539 1072 2887">
    <p class='ocr_par' dir='ltr' id='par_1_2' title="bbox 89 539 1072 2887">
     <span class='ocr_line' id='line_1_2' title="bbox 162 539 961 624; baseline -0.006 -16"><span class='ocrx_word' id='word_1_7' title='bbox 162 563 222 608; x_wconf 83' lang='lat' dir='ltr'><strong>nor</strong></span> <span class='ocrx_word' id='word_1_8' title='bbox 234 539 396 624; x_wconf 60' lang='lat' dir='ltr'><strong>perfundi</strong></span> <span class='ocrx_word' id='word_1_9' title='bbox 410 541 531 619; x_wconf 87' lang='lat' dir='ltr'><strong>somus,</strong></span> <span class='ocrx_word' id='word_1_10' title='bbox 548 539 786 622; x_wconf 76' lang='lat' dir='ltr'><strong>ingredlanturr</strong></span> <span class='ocrx_word' id='word_1_11' title='bbox 809 557 875 621; x_wconf 78' lang='lat' dir='ltr'><strong>qno</strong></span> <span class='ocrx_word' id='word_1_12' title='bbox 885 545 961 603; x_wconf 80' lang='lat' dir='ltr'><strong>&#39;tan-</strong></span> 
     </span>
     <span class='ocr_line' id='line_1_3' title="bbox 93 651 960 736; baseline -0.008 -13"><span class='ocrx_word' id='word_1_13' title='bbox 93 660 99 667; x_wconf 83' lang='lat'><em>&#39;</em></span> <span class='ocrx_word' id='word_1_14' title='bbox 161 661 235 722; x_wconf 87' lang='lat' dir='ltr'><strong>denr</strong></span> <span class='ocrx_word' id='word_1_15' title='bbox 255 677 306 721; x_wconf 89' lang='lat' dir='ltr'><strong>me</strong></span> <span class='ocrx_word' id='word_1_16' title='bbox 326 657 435 720; x_wconf 86' lang='lat' dir='ltr'><strong>animo</strong></span> <span class='ocrx_word' id='word_1_17' title='bbox 458 653 520 720; x_wconf 85' lang='lat' dir='ltr'><strong>effe</strong></span> <span class='ocrx_word' id='word_1_18' title='bbox 543 661 688 736; x_wconf 85' lang='lat' dir='ltr'><strong>oportet,</strong></span> <span class='ocrx_word' id='word_1_19' title='bbox 716 670 813 736; x_wconf 84' lang='lat' dir='ltr'>prope</span> <span class='ocrx_word' id='word_1_20' title='bbox 830 651 896 735; x_wconf 86' lang='lat' dir='ltr'><strong>jam</strong></span> <span class='ocrx_word' id='word_1_21' title='bbox 918 672 960 716; x_wconf 79' lang='lat' dir='ltr'><strong>ex</strong></span> 
     </span>
     <span class='ocr_line' id='line_1_4' title="bbox 160 754 959 853; baseline -0.011 -16"><span class='ocrx_word' id='word_1_22' title='bbox 160 766 462 853; x_wconf 72' lang='lat' dir='ltr'><strong>magnajastatione</strong></span> <span class='ocrx_word' id='word_1_23' title='bbox 476 754 595 832; x_wconf 76' lang='lat' dir='ltr'><strong>terram</strong></span> <span class='ocrx_word' id='word_1_24' title='bbox 612 768 785 842; x_wconf 85' lang='lat' dir='ltr'><strong>videntem,</strong></span> <span class='ocrx_word' id='word_1_25' title='bbox 807 765 842 828; x_wconf 84' lang='lat' dir='ltr'><strong>dn</strong></span> <span class='ocrx_word' id='word_1_26' title='bbox 859 764 959 842; x_wconf 84' lang='lat' dir='ltr'><strong>hune,</strong></span> 
     </span>
     <span class='ocr_line' id='line_1_5' title="bbox 160 875 1053 962; baseline -0.001 -16"><span class='ocrx_word' id='word_1_27' title='bbox 160 885 213 948; x_wconf 83' lang='lat' dir='ltr'><strong>eui</strong></span> <span class='ocrx_word' id='word_1_28' title='bbox 242 884 334 949; x_wconf 81' lang='lat' dir='ltr'><strong>video</strong></span> <span class='ocrx_word' id='word_1_29' title='bbox 364 882 521 946; x_wconf 78' lang='lat' dir='ltr'><strong>maximas</strong></span> <span class='ocrx_word' id='word_1_30' title='bbox 546 880 732 962; x_wconf 76' lang='lat' dir='ltr'><strong>reipublice</strong></span> <span class='ocrx_word' id='word_1_31' title='bbox 755 875 959 960; x_wconf 72' lang='lat' dir='ltr'><strong>tempestates</strong></span> <span class='ocrx_word' id='word_1_32' title='bbox 1049 938 1053 945; x_wconf 95' lang='lat'><strong>.</strong></span> 
     </span>
     <span class='ocr_line' id='line_1_6' title="bbox 158 990 958 1081; baseline -0.01 -20"><span class='ocrx_word' id='word_1_33' title='bbox 158 995 222 1061; x_wconf 82' lang='lat' dir='ltr'><strong>effe</strong></span> <span class='ocrx_word' id='word_1_34' title='bbox 239 993 444 1061; x_wconf 75' lang='lat' dir='ltr'><strong>subeundas?</strong></span> <span class='ocrx_word' id='word_1_35' title='bbox 480 993 592 1081; x_wconf 85' lang='lat' dir='ltr'><strong>Quare</strong></span> <span class='ocrx_word' id='word_1_36' title='bbox 611 990 634 1056; x_wconf 84' lang='lat' dir='ltr'>fl</span> <span class='ocrx_word' id='word_1_37' title='bbox 650 991 693 1057; x_wconf 84' lang='lat' dir='ltr'><strong>est</strong></span> <span class='ocrx_word' id='word_1_38' title='bbox 707 993 783 1057; x_wconf 79' lang='lat' dir='ltr'><strong>boni</strong></span> <span class='ocrx_word' id='word_1_39' title='bbox 798 991 937 1055; x_wconf 77' lang='lat' dir='ltr'><strong>consulis</strong></span> <span class='ocrx_word' id='word_1_40' title='bbox 946 1034 958 1067; x_wconf 95' lang='lat'><strong>,</strong></span> 
     </span>
     <span class='ocr_line' id='line_1_7' title="bbox 156 1104 956 1190; baseline -0.01 -15"><span class='ocrx_word' id='word_1_41' title='bbox 156 1130 222 1175; x_wconf 85' lang='lat' dir='ltr'><strong>non</strong></span> <span class='ocrx_word' id='word_1_42' title='bbox 236 1109 336 1174; x_wconf 86' lang='lat' dir='ltr'><strong>solum</strong></span> <span class='ocrx_word' id='word_1_43' title='bbox 352 1109 470 1184; x_wconf 82' lang='lat' dir='ltr'><strong>videre,</strong></span> <span class='ocrx_word' id='word_1_44' title='bbox 493 1109 568 1190; x_wconf 85' lang='lat' dir='ltr'><strong>quid</strong></span> <span class='ocrx_word' id='word_1_45' title='bbox 583 1116 707 1188; x_wconf 80' lang='lat' dir='ltr'>agatur,</span> <span class='ocrx_word' id='word_1_46' title='bbox 731 1125 843 1170; x_wconf 83' lang='lat' dir='ltr'><strong>verum</strong></span> <span class='ocrx_word' id='word_1_47' title='bbox 856 1104 956 1168; x_wconf 78' lang='lat' dir='ltr'><strong>etIam</strong></span> 
     </span>
     <span class='ocr_line' id='line_1_8' title="bbox 154 1217 955 1306; baseline -0.006 -21"><span class='ocrx_word' id='word_1_48' title='bbox 154 1219 340 1306; x_wconf 73' lang='lat' dir='ltr'><strong>providere,</strong></span> <span class='ocrx_word' id='word_1_49' title='bbox 364 1222 441 1306; x_wconf 77' lang='lat' dir='ltr'><strong>quid</strong></span> <span class='ocrx_word' id='word_1_50' title='bbox 462 1221 606 1286; x_wconf 81' lang='lat' dir='ltr'><strong>futorum</strong></span> <span class='ocrx_word' id='word_1_51' title='bbox 624 1217 682 1297; x_wconf 83' lang='lat' dir='ltr'><strong>fit;</strong></span> <span class='ocrx_word' id='word_1_52' title='bbox 708 1218 869 1284; x_wconf 80' lang='lat' dir='ltr'><strong>ostendam</strong></span> <span class='ocrx_word' id='word_1_53' title='bbox 891 1217 955 1280; x_wconf 75' lang='lat' dir='ltr'><strong>elio</strong></span> 
     </span>
     <span class='ocr_line' id='line_1_9' title="bbox 154 1327 954 1419; baseline -0.01 -19"><span class='ocrx_word' id='word_1_54' title='bbox 154 1335 250 1412; x_wconf 90' lang='lat' dir='ltr'><strong>loco,</strong></span> <span class='ocrx_word' id='word_1_55' title='bbox 279 1343 441 1419; x_wconf 84' lang='lat' dir='ltr'><strong>¹quantum</strong></span> <span class='ocrx_word' id='word_1_56' title='bbox 470 1335 576 1398; x_wconf 75' lang='lat' dir='ltr'><strong>salutis</strong></span> <span class='ocrx_word' id='word_1_57' title='bbox 607 1332 789 1396; x_wconf 63' lang='lat' dir='ltr'><strong>eommunis</strong></span> <span class='ocrx_word' id='word_1_58' title='bbox 815 1327 954 1407; x_wconf 86' lang='lat' dir='ltr'><strong>interfit,</strong></span> 
     </span>
     <span class='ocr_line' id='line_1_10' title="bbox 153 1441 953 1530; baseline -0.009 -17"><span class='ocrx_word' id='word_1_59' title='bbox 153 1450 236 1513; x_wconf 84' lang='lat' dir='ltr'><strong>duos</strong></span> <span class='ocrx_word' id='word_1_60' title='bbox 251 1449 394 1512; x_wconf 78' lang='lat' dir='ltr'><strong>consules</strong></span> <span class='ocrx_word' id='word_1_61' title='bbox 407 1450 439 1512; x_wconf 76' lang='lat' dir='ltr'><strong>dn</strong></span> <span class='ocrx_word' id='word_1_62' title='bbox 456 1449 618 1530; x_wconf 75' lang='lat' dir='ltr'>republica</span> <span class='ocrx_word' id='word_1_63' title='bbox 627 1445 779 1510; x_wconf 84' lang='lat' dir='ltr'>Kalendis</span> <span class='ocrx_word' id='word_1_64' title='bbox 794 1447 865 1520; x_wconf 88' lang='lat' dir='ltr'><strong>Jan.</strong></span> <span class='ocrx_word' id='word_1_65' title='bbox 879 1441 953 1508; x_wconf 82' lang='lat' dir='ltr'><strong>effe.</strong></span> 
     </span>
     <span class='ocr_line' id='line_1_11' title="bbox 155 1557 977 1638; baseline -0.007 -14"><span class='ocrx_word' id='word_1_66' title='bbox 155 1561 251 1636; x_wconf 88' lang='lat' dir='ltr'><strong>Quod</strong></span> <span class='ocrx_word' id='word_1_67' title='bbox 267 1559 288 1623; x_wconf 85' lang='lat' dir='ltr'>fi</span> <span class='ocrx_word' id='word_1_68' title='bbox 303 1563 349 1624; x_wconf 77' lang='lat' dir='ltr'><strong>ita</strong></span> <span class='ocrx_word' id='word_1_69' title='bbox 364 1562 427 1638; x_wconf 85' lang='lat' dir='ltr'><strong>est,</strong></span> <span class='ocrx_word' id='word_1_70' title='bbox 450 1570 596 1624; x_wconf 89' lang='lat' dir='ltr'><strong>nontam</strong></span> <span class='ocrx_word' id='word_1_71' title='bbox 614 1581 666 1624; x_wconf 90' lang='lat' dir='ltr'><strong>me</strong></span> <span class='ocrx_word' id='word_1_72' title='bbox 683 1558 825 1622; x_wconf 86' lang='lat' dir='ltr'><strong>officium</strong></span> <span class='ocrx_word' id='word_1_73' title='bbox 843 1557 977 1622; x_wconf 81' lang='lat' dir='ltr'><strong>debuit5</strong></span> 
     </span>
     <span class='ocr_line' id='line_1_12' title="bbox 153 1669 952 1756; baseline -0.005 -20"><span class='ocrx_word' id='word_1_74' title='bbox 153 1675 193 1737; x_wconf 89' lang='lat' dir='ltr'><strong>ad</strong></span> <span class='ocrx_word' id='word_1_75' title='bbox 206 1674 345 1739; x_wconf 78' lang='lat' dir='ltr'><strong>hominis</strong></span> <span class='ocrx_word' id='word_1_76' title='bbox 360 1676 457 1738; x_wconf 79' lang='lat' dir='ltr'><strong>amici</strong></span> <span class='ocrx_word' id='word_1_77' title='bbox 475 1677 641 1751; x_wconf 78' lang='lat' dir='ltr'><strong>fortunas,</strong></span> <span class='ocrx_word' id='word_1_78' title='bbox 664 1692 760 1756; x_wconf 83' lang='lat' dir='ltr'><strong>quam</strong></span> <span class='ocrx_word' id='word_1_79' title='bbox 777 1669 952 1753; x_wconf 77' lang='lat' dir='ltr'>respublica</span> 
     </span>
     <span class='ocr_line' id='line_1_13' title="bbox 150 1785 953 1853; baseline -0.006 -3"><span class='ocrx_word' id='word_1_80' title='bbox 150 1787 310 1852; x_wconf 80' lang='lat' dir='ltr'><strong>consulem</strong></span> <span class='ocrx_word' id='word_1_81' title='bbox 332 1789 373 1853; x_wconf 87' lang='lat' dir='ltr'><strong>ad</strong></span> <span class='ocrx_word' id='word_1_82' title='bbox 393 1808 599 1852; x_wconf 87' lang='lat' dir='ltr'><strong>communem</strong></span> <span class='ocrx_word' id='word_1_83' title='bbox 623 1787 756 1850; x_wconf 87' lang='lat' dir='ltr'><strong>salutem</strong></span> <span class='ocrx_word' id='word_1_84' title='bbox 779 1785 953 1849; x_wconf 83' lang='lat' dir='ltr'><strong>defenden-</strong></span> 
     </span>
     <span class='ocr_line' id='line_1_14' title="bbox 147 1884 987 1989; baseline -0.006 -25"><span class='ocrx_word' id='word_1_85' title='bbox 147 1888 225 1964; x_wconf 85' lang='lat' dir='ltr'><strong>dam</strong></span> <span class='ocrx_word' id='word_1_86' title='bbox 244 1922 368 1966; x_wconf 84' lang='lat' dir='ltr'><strong>vocare.</strong></span> <span class='ocrx_word' id='word_1_87' title='bbox 425 1899 508 1965; x_wconf 85' lang='lat' dir='ltr'><strong>Nam</strong></span> <span class='ocrx_word' id='word_1_88' title='bbox 528 1901 743 1989; x_wconf 80' lang='lat' dir='ltr'><strong>qnodle&#39;gem</strong></span> <span class='ocrx_word' id='word_1_89' title='bbox 764 1901 804 1964; x_wconf 89' lang='lat' dir='ltr'><strong>de</strong></span> <span class='ocrx_word' id='word_1_90' title='bbox 825 1884 987 1968; x_wconf 81' lang='lat' dir='ltr'><strong>ambitu3</strong></span> 
     </span>
     <span class='ocr_line' id='line_1_15' title="bbox 149 2004 953 2099; baseline -0.001 -24"><span class='ocrx_word' id='word_1_91' title='bbox 149 2012 231 2088; x_wconf 77' lang='lat' dir='ltr'><strong>toli,</strong></span> <span class='ocrx_word' id='word_1_92' title='bbox 252 2024 339 2078; x_wconf 87' lang='lat' dir='ltr'><strong>certe</strong></span> <span class='ocrx_word' id='word_1_93' title='bbox 354 2015 399 2077; x_wconf 86' lang='lat' dir='ltr'><strong>ita</strong></span> <span class='ocrx_word' id='word_1_94' title='bbox 411 2004 489 2090; x_wconf 83' lang='lat' dir='ltr'><strong>tuli,</strong></span> <span class='ocrx_word' id='word_1_95' title='bbox 513 2023 549 2099; x_wconf 77' lang='lat' dir='ltr'><strong>pt</strong></span> <span class='ocrx_word' id='word_1_96' title='bbox 563 2036 654 2091; x_wconf 84' lang='lat' dir='ltr'><strong>eam,</strong></span> <span class='ocrx_word' id='word_1_97' title='bbox 677 2033 774 2096; x_wconf 86' lang='lat' dir='ltr'><strong>quam</strong></span> <span class='ocrx_word' id='word_1_98' title='bbox 788 2012 953 2076; x_wconf 78' lang='lat' dir='ltr'><strong>mihimet·</strong></span> 
     </span>
     <span class='ocr_line' id='line_1_16' title="bbox 148 2102 951 2215; baseline 0.001 -28"><span class='ocrx_word' id='word_1_99' title='bbox 148 2122 205 2206; x_wconf 85' lang='lat' dir='ltr'><strong>ipfi</strong></span> <span class='ocrx_word' id='word_1_100' title='bbox 225 2102 414 2206; x_wconf 80' lang='lat' dir='ltr'><strong>jampridem</strong></span> <span class='ocrx_word' id='word_1_101' title='bbox 439 2127 633 2215; x_wconf 21' lang='lat' dir='ltr'><strong>tulerim-de</strong></span> <span class='ocrx_word' id='word_1_102' title='bbox 660 2128 778 2191; x_wconf 82' lang='lat' dir='ltr'><strong>civium</strong></span> <span class='ocrx_word' id='word_1_103' title='bbox 799 2125 951 2208; x_wconf 69' lang='lat' dir='ltr'><strong>periculi·</strong></span> 
     </span>
     <span class='ocr_line' id='line_1_17' title="bbox 147 2235 951 2319; baseline 0 -19"><span class='ocrx_word' id='word_1_104' title='bbox 147 2238 368 2314; x_wconf 84' lang='lat' dir='ltr'><strong>defendendis,</strong></span> <span class='ocrx_word' id='word_1_105' title='bbox 389 2258 455 2301; x_wconf 90' lang='lat' dir='ltr'><strong>non</strong></span> <span class='ocrx_word' id='word_1_106' title='bbox 468 2240 668 2319; x_wconf 76' lang='lat' dir='ltr'><strong>abrogarem.</strong></span> <span class='ocrx_word' id='word_1_107' title='bbox 708 2240 839 2319; x_wconf 84' lang='lat' dir='ltr'><strong>Etenim</strong></span> <span class='ocrx_word' id='word_1_108' title='bbox 851 2235 876 2300; x_wconf 86' lang='lat' dir='ltr'><strong>fi</strong></span> <span class='ocrx_word' id='word_1_109' title='bbox 887 2240 951 2302; x_wconf 84' lang='lat' dir='ltr'><strong>lar·</strong></span> 
     </span>
     <span class='ocr_line' id='line_1_18' title="bbox 94 2338 1072 2447; baseline 0.004 -36"><span class='ocrx_word' id='word_1_110' title='bbox 94 2338 98 2359; x_wconf 70' lang='lat'>¹</span> <span class='ocrx_word' id='word_1_111' title='bbox 145 2350 303 2447; x_wconf 73' lang='lat' dir='ltr'><strong>gitiqnem</strong></span> <span class='ocrx_word' id='word_1_112' title='bbox 318 2349 434 2414; x_wconf 66' lang='lat' dir='ltr'><strong>datram</strong></span> <span class='ocrx_word' id='word_1_113' title='bbox 456 2351 518 2416; x_wconf 82' lang='lat' dir='ltr'><strong>effe</strong></span> <span class='ocrx_word' id='word_1_114' title='bbox 537 2350 726 2429; x_wconf 83' lang='lat' dir='ltr'><strong>confiterer,</strong></span> <span class='ocrx_word' id='word_1_115' title='bbox 746 2352 843 2434; x_wconf 84' lang='lat' dir='ltr'><strong>idque</strong></span> <span class='ocrx_word' id='word_1_116' title='bbox 863 2348 950 2415; x_wconf 69' lang='lat' dir='ltr'><strong>redte</strong></span> <span class='ocrx_word' id='word_1_117' title='bbox 1066 2338 1072 2349; x_wconf 55' lang='grc'><strong>“</strong></span> 
     </span>
     <span class='ocr_line' id='line_1_19' title="bbox 146 2461 948 2545; baseline 0.001 -18"><span class='ocrx_word' id='word_1_118' title='bbox 146 2461 267 2527; x_wconf 67' lang='lat' dir='ltr'><strong>sedtum</strong></span> <span class='ocrx_word' id='word_1_119' title='bbox 288 2462 350 2527; x_wconf 87' lang='lat' dir='ltr'><strong>esse</strong></span> <span class='ocrx_word' id='word_1_120' title='bbox 368 2464 595 2543; x_wconf 68' lang='lat' dir='ltr'><strong>defenderem</strong></span> <span class='ocrx_word' id='word_1_121' title='bbox 625 2466 765 2528; x_wconf 85' lang='lat' dir='ltr'><strong>facerem</strong></span> <span class='ocrx_word' id='word_1_122' title='bbox 786 2464 948 2545; x_wconf 82' lang='lat' dir='ltr'><strong>improbe,</strong></span> 
     </span>
     <span class='ocr_line' id='line_1_20' title="bbox 113 2574 1031 2661; baseline 0.004 -26"><span class='ocrx_word' id='word_1_123' title='bbox 113 2629 117 2635; x_wconf 88' lang='lat'><strong>.</strong></span> <span class='ocrx_word' id='word_1_124' title='bbox 145 2574 269 2639; x_wconf 70' lang='lat' dir='ltr'><strong>etiamst</strong></span> <span class='ocrx_word' id='word_1_125' title='bbox 291 2577 373 2640; x_wconf 74' lang='lat' dir='ltr'><strong>alius</strong></span> <span class='ocrx_word' id='word_1_126' title='bbox 396 2578 499 2661; x_wconf 79' lang='lat' dir='ltr'><strong>legem</strong></span> <span class='ocrx_word' id='word_1_127' title='bbox 519 2577 661 2643; x_wconf 80' lang='lat' dir='ltr'><strong>tuliffetr</strong></span> <span class='ocrx_word' id='word_1_128' title='bbox 684 2598 758 2641; x_wconf 83' lang='lat' dir='ltr'><strong>cum</strong></span> <span class='ocrx_word' id='word_1_129' title='bbox 775 2597 851 2642; x_wconf 88' lang='lat' dir='ltr'><strong>vero</strong></span> <span class='ocrx_word' id='word_1_130' title='bbox 868 2575 950 2640; x_wconf 87' lang='lat' dir='ltr'><strong>nihil</strong></span> <span class='ocrx_word' id='word_1_131' title='bbox 1029 2606 1031 2611; x_wconf 38' lang='lat' dir='ltr'>s</span> 
     </span>
     <span class='ocr_line' id='line_1_21' title="bbox 107 2687 949 2774; baseline 0.004 -25"><span class='ocrx_word' id='word_1_132' title='bbox 107 2727 115 2741; x_wconf 79' lang='lat'><strong>.</strong></span> <span class='ocrx_word' id='word_1_133' title='bbox 144 2688 343 2752; x_wconf 82' lang='lat' dir='ltr'><strong>commissum</strong></span> <span class='ocrx_word' id='word_1_134' title='bbox 358 2700 470 2755; x_wconf 85' lang='lat' dir='ltr'><strong>contra</strong></span> <span class='ocrx_word' id='word_1_135' title='bbox 483 2693 586 2774; x_wconf 83' lang='lat' dir='ltr'><strong>legem</strong></span> <span class='ocrx_word' id='word_1_136' title='bbox 599 2690 662 2756; x_wconf 84' lang='lat' dir='ltr'><strong>effe</strong></span> <span class='ocrx_word' id='word_1_137' title='bbox 674 2692 855 2766; x_wconf 83' lang='lat' dir='ltr'><strong>defendam,</strong></span> <span class='ocrx_word' id='word_1_138' title='bbox 872 2687 949 2772; x_wconf 77' lang='lat' dir='ltr'><strong>quid</strong></span> 
     </span>
     <span class='ocr_line' id='line_1_22' title="bbox 89 2798 949 2887; baseline 0.003 -24"><span class='ocrx_word' id='word_1_139' title='bbox 89 2864 102 2875; x_wconf 72' lang='grc'><em>,</em></span> <span class='ocrx_word' id='word_1_140' title='bbox 143 2798 189 2863; x_wconf 85' lang='lat' dir='ltr'><strong>est</strong></span> <span class='ocrx_word' id='word_1_141' title='bbox 196 2845 206 2876; x_wconf 93' lang='lat'><strong>,</strong></span> <span class='ocrx_word' id='word_1_142' title='bbox 231 2806 318 2881; x_wconf 85' lang='lat' dir='ltr'><strong>quod</strong></span> <span class='ocrx_word' id='word_1_143' title='bbox 338 2824 443 2867; x_wconf 87' lang='lat' dir='ltr'><strong>meam</strong></span> <span class='ocrx_word' id='word_1_144' title='bbox 464 2804 680 2870; x_wconf 85' lang='lat' dir='ltr'><strong>defensronem</strong></span> <span class='ocrx_word' id='word_1_145' title='bbox 696 2806 775 2870; x_wconf 86' lang='lat' dir='ltr'><strong>latio</strong></span> <span class='ocrx_word' id='word_1_146' title='bbox 791 2804 870 2887; x_wconf 78' lang='lat' dir='ltr'><strong>legis</strong></span> <span class='ocrx_word' id='word_1_147' title='bbox 885 2804 949 2867; x_wconf 88' lang='lat' dir='ltr'><strong>im·</strong></span> 
     </span>
    </p>
   </div>
   <div class='ocr_carea' id='block_1_3' title="bbox 139 2913 1101 3001">
    <p class='ocr_par' dir='ltr' id='par_1_3' title="bbox 139 2913 1101 3001">
     <span class='ocr_line' id='line_1_23' title="bbox 139 2913 1101 3001; baseline 0.012 -27"><span class='ocrx_word' id='word_1_148' title='bbox 139 2913 276 2995; x_wconf 79' lang='lat' dir='ltr'><strong>pediat?</strong></span> <span class='ocrx_word' id='word_1_149' title='bbox 313 2915 419 3000; x_wconf 85' lang='lat' dir='ltr'><strong>Negat</strong></span> <span class='ocrx_word' id='word_1_150' title='bbox 434 2915 495 2981; x_wconf 84' lang='lat' dir='ltr'><strong>effe</strong></span> <span class='ocrx_word' id='word_1_151' title='bbox 510 2917 652 3001; x_wconf 82' lang='lat' dir='ltr'><strong>ejusdem</strong></span> <span class='ocrx_word' id='word_1_152' title='bbox 668 2919 862 2994; x_wconf 78' lang='lat' dir='ltr'><strong>severitatis,</strong></span> <span class='ocrx_word' id='word_1_153' title='bbox 885 2919 974 2986; x_wconf 63' lang='grc' dir='ltr'><strong>(ΞΜ</strong></span> <span class='ocrx_word' id='word_1_154' title='bbox 1099 2983 1101 2986; x_wconf 86' lang='grc'>.</span> 
     </span>
    </p>
   </div>
   <div class='ocr_carea' id='block_1_4' title="bbox 137 3023 947 3450">
    <p class='ocr_par' dir='ltr' id='par_1_4' title="bbox 137 3023 947 3450">
     <span class='ocr_line' id='line_1_24' title="bbox 140 3023 947 3114; baseline 0.012 -29"><span class='ocrx_word' id='word_1_155' title='bbox 140 3023 284 3102; x_wconf 71' lang='lat' dir='ltr'><strong>filinam,</strong></span> <span class='ocrx_word' id='word_1_156' title='bbox 306 3028 443 3093; x_wconf 83' lang='lat' dir='ltr'><strong>exitium</strong></span> <span class='ocrx_word' id='word_1_157' title='bbox 453 3031 636 3114; x_wconf 82' lang='lat' dir='ltr'><strong>reipublicae</strong></span> <span class='ocrx_word' id='word_1_158' title='bbox 645 3031 730 3095; x_wconf 76' lang='lat' dir='ltr'><strong>intra</strong></span> <span class='ocrx_word' id='word_1_159' title='bbox 742 3031 862 3096; x_wconf 77' lang='lat' dir='ltr'><strong>moenia</strong></span> <span class='ocrx_word' id='word_1_160' title='bbox 875 3049 947 3095; x_wconf 86' lang='lat' dir='ltr'><strong>mo·</strong></span> 
     </span>
     <span class='ocr_line' id='line_1_25' title="bbox 138 3136 946 3229; baseline 0.007 -29"><span class='ocrx_word' id='word_1_161' title='bbox 138 3136 295 3216; x_wconf 79' lang='lat' dir='ltr'><strong>dientem,</strong></span> <span class='ocrx_word' id='word_1_162' title='bbox 319 3142 423 3208; x_wconf 77' lang='lat' dir='ltr'><strong>verbio</strong></span> <span class='ocrx_word' id='word_1_163' title='bbox 438 3141 471 3209; x_wconf 79' lang='lat' dir='ltr'><strong>dr</strong></span> <span class='ocrx_word' id='word_1_164' title='bbox 487 3163 580 3227; x_wconf 89' lang='lat' dir='ltr'><strong>paene</strong></span> <span class='ocrx_word' id='word_1_165' title='bbox 595 3145 732 3229; x_wconf 81' lang='lat' dir='ltr'><strong>imperio</strong></span> <span class='ocrx_word' id='word_1_166' title='bbox 749 3145 828 3210; x_wconf 91' lang='lat' dir='ltr'><strong>urbe</strong></span> <span class='ocrx_word' id='word_1_167' title='bbox 844 3162 946 3225; x_wconf 80' lang='lat' dir='ltr'><strong>expu-</strong></span> 
     </span>
     <span class='ocr_line' id='line_1_26' title="bbox 137 3249 943 3338; baseline 0.005 -23"><span class='ocrx_word' id='word_1_168' title='bbox 137 3249 224 3327; x_wconf 82' lang='lat' dir='ltr'><strong>lifi‘e3</strong></span> <span class='ocrx_word' id='word_1_169' title='bbox 255 3250 289 3318; x_wconf 89' lang='lat'>&amp;</span> <span class='ocrx_word' id='word_1_170' title='bbox 311 3273 399 3317; x_wconf 85' lang='lat' dir='ltr'><strong>nuno</strong></span> <span class='ocrx_word' id='word_1_171' title='bbox 416 3274 474 3338; x_wconf 92' lang='lat' dir='ltr'><strong>pro</strong></span> <span class='ocrx_word' id='word_1_172' title='bbox 493 3257 531 3321; x_wconf 91' lang='lat' dir='ltr'><strong>L.</strong></span> <span class='ocrx_word' id='word_1_173' title='bbox 551 3258 687 3322; x_wconf 85' lang='lat' dir='ltr'><strong>Murena</strong></span> <span class='ocrx_word' id='word_1_174' title='bbox 709 3259 826 3322; x_wconf 87' lang='lat' dir='ltr'><strong>dicere.</strong></span> <span class='ocrx_word' id='word_1_175' title='bbox 871 3257 943 3338; x_wconf 81' lang='lat' dir='ltr'><strong>Ego</strong></span> 
     </span>
     <span class='ocr_line' id='line_1_27' title="bbox 138 3365 944 3450; baseline 0.009 -24"><span class='ocrx_word' id='word_1_176' title='bbox 138 3373 247 3427; x_wconf 86' lang='lat' dir='ltr'><strong>autem</strong></span> <span class='ocrx_word' id='word_1_177' title='bbox 271 3365 329 3430; x_wconf 88' lang='lat' dir='ltr'><strong>has</strong></span> <span class='ocrx_word' id='word_1_178' title='bbox 350 3375 457 3450; x_wconf 84' lang='lat' dir='ltr'><strong>partes</strong></span> <span class='ocrx_word' id='word_1_179' title='bbox 481 3371 631 3436; x_wconf 63' lang='lat' dir='ltr'><strong>lenitatis*</strong></span> <span class='ocrx_word' id='word_1_180' title='bbox 645 3370 679 3436; x_wconf 74' lang='lat' dir='ltr'><strong>dr</strong></span> <span class='ocrx_word' id='word_1_181' title='bbox 699 3369 944 3447; x_wconf 76' lang='lat' dir='ltr'><strong>misericordiae,</strong></span> 
     </span>
    </p>
   </div>
   <div class='ocr_carea' id='block_1_5' title="bbox 85 3476 943 3683">
    <p class='ocr_par' dir='ltr' id='par_1_5' title="bbox 85 3476 943 3683">
     <span class='ocr_line' id='line_1_28' title="bbox 85 3476 943 3568; baseline 0.015 -32"><span class='ocrx_word' id='word_1_182' title='bbox 85 3476 88 3480; x_wconf 83' lang='lat'>&#39;</span> <span class='ocrx_word' id='word_1_183' title='bbox 139 3492 218 3559; x_wconf 79' lang='lat' dir='ltr'><strong>quas</strong></span> <span class='ocrx_word' id='word_1_184' title='bbox 241 3476 294 3544; x_wconf 82' lang='lat' dir='ltr'><strong>me</strong></span> <span class='ocrx_word' id='word_1_185' title='bbox 313 3489 430 3547; x_wconf 85' lang='lat' dir='ltr'><strong>natura</strong></span> <span class='ocrx_word' id='word_1_186' title='bbox 450 3483 513 3568; x_wconf 82' lang='lat' dir='ltr'><strong>ipse</strong></span> <span class='ocrx_word' id='word_1_187' title='bbox 533 3485 673 3565; x_wconf 85' lang='lat' dir='ltr'><strong>docuit,</strong></span> <span class='ocrx_word' id='word_1_188' title='bbox 698 3484 818 3567; x_wconf 87' lang='lat' dir='ltr'><strong>semper</strong></span> <span class='ocrx_word' id='word_1_189' title='bbox 834 3483 886 3567; x_wconf 73' lang='lat' dir='ltr'><strong>egi</strong></span> <span class='ocrx_word' id='word_1_190' title='bbox 901 3480 943 3548; x_wconf 83' lang='lat' dir='ltr'><strong>ld·</strong></span> 
     </span>
     <span class='ocr_line' id='line_1_29' title="bbox 692 3595 768 3683; baseline 0.026 -2"><span class='ocrx_word' id='word_1_191' title='bbox 692 3595 724 3664; x_wconf 80' lang='lat' dir='ltr'>N</span> <span class='ocrx_word' id='word_1_192' title='bbox 747 3617 768 3683; x_wconf 80' lang='lat' dir='ltr'><strong>a</strong></span> 
     </span>
    </p>
   </div>
   <div class='ocr_carea' id='block_1_6' title="bbox 0 0 1196 4134">
    <p class='ocr_par' dir='ltr' id='par_1_6' title="bbox 0 0 1196 4134">
     <span class='ocr_line' id='line_1_30' title="bbox 0 0 1196 4134; baseline 0 7"><span class='ocrx_word' id='word_1_193' title='bbox 0 0 1196 4134; x_wconf 95' lang='lat' dir='ltr'><strong> </strong></span> 
     </span>
    </p>
   </div>
  </div>
 </body>
</html>
