2384 4134
275 386 348 437 ιω·
434 380 436 385 >
531 361 811 435 our-aro

274 537 417 623 opposito
434 584 444 615 ,
464 539 512 604 ⁴al)
536 538 683 606 omnium
703 538 863 607 bonorum
890 538 1077 610 cervicibus

273 653 408 736 depuli,
437 672 632 735 omnemque
649 655 807 737 impetum
824 652 1075 736 discordiarum,

273 787 399 831 omnem
413 768 468 830 diu
482 764 650 832 collectam
664 768 730 833 vim
745 768 982 850 improborum,
998 791 1074 852 quar

272 882 468 970 inveterata,
485 877 658 962 compreffo
672 881 746 944 odio
765 894 863 964 atque
879 882 994 960 tacito,
1005 885 1072 967 jam

231 1024 233 1027 ·
273 996 475 1078 erumpebat,
488 990 583 1056 natta
595 1001 662 1056 tam
672 994 810 1063 audaces
823 997 941 1072 duces,
955 992 1073 1082 excepi

273 1128 346 1171 meo
364 1126 508 1190 corpore·
552 1107 593 1171 In
615 1127 669 1201 me
685 1127 751 1170 uno
775 1107 959 1173 consulares
978 1112 1070 1176 lacer

267 1219 362 1303 jatlae
379 1220 525 1283 manibus
538 1219 738 1285 tribuniciis:
754 1221 787 1283 in
798 1241 853 1286 me
866 1220 986 1299 omnia,
996 1242 1071 1307 quae

271 1354 331 1416 ego
354 1335 515 1418 quondam
535 1334 738 1409 retuderam,
761 1333 994 1422 conjurationis
1012 1357 1079 1409 ne·,

269 1447 352 1513 faria
377 1448 441 1511 tela
462 1446 673 1536 adhaeserunt,
711 1436 864 1526 Quoad,
892 1456 932 1512 ut
956 1449 1071 1526 multia

269 1558 443 1626 idrtiffimir
464 1559 540 1625 uiris
561 1559 705 1651 placuit,
727 1561 760 1624 vi
775 1559 810 1626 dr
833 1561 930 1624 armis
952 1572 1069 1629 contra

268 1677 333 1740 vim
357 1676 521 1763 decertare
539 1673 728 1750 voluiflem3
750 1681 806 1738 aut
826 1672 966 1739 viciffem
992 1694 1070 1743 cum

149 1782 154 1797 '
270 1807 386 1870 magna
400 1787 619 1855 internecione
629 1785 870 1876 improborum,
888 1786 940 1852 sed
956 1789 1072 1857 tamen¹
1100 1838 1102 1843 -

269 1903 408 1976 civium;
431 1908 498 1975 aut,
510 1883 689 1964 interieiils
701 1899 794 1966 bonis
808 1901 1069 1986 omnibus,quod

266 2013 332 2077 illis
353 2009 577 2094 optatiffimum
599 2021 688 2089 erat,
717 2033 784 2093 una
806 2034 879 2078 cum
900 2018 1068 2098 republica

225 2124 481 2207 baconcidillem.
526 2122 701 2204 Videbam,
724 2129 798 2193 vivo
813 2128 938 2205 senatu,
961 2148 1068 2212 popu·

266 2241 363 2324 loque
386 2240 554 2315 Romano,
584 2240 722 2304 celerem
745 2241 824 2303 mihi
844 2240 964 2306 stamma
989 2262 1067 2309 cum

265 2354 420 2438 dignitate
443 2329 608 2430 reditum
643 2373 702 2416 uec
727 2354 961 2437 intelligebam,
992 2352 1067 2423 fieti

264 2468 387 2533 diutius
403 2465 506 2549 polle,
529 2474 567 2528 ut
588 2465 668 2530 mihi
682 2485 746 2530 non
764 2467 877 2533 liceret
891 2466 953 2533 effe
972 2468 1005 2534 iu
1025 2489 1067 2536 ea

264 2582 445 2663 republica,
470 2595 568 2660 quam
583 2579 647 2661 ipse
661 2578 836 2645 servaffem.
859 2583 946 2666 quod
959 2579 983 2645 fi
997 2603 1065 2648 non

261 2693 400 2769 liceret3
432 2693 596 2755 audieram
623 2690 849 2776 delegeram,
876 2690 1065 2762 clarillimoa

264 2807 378 2871 nostrae
393 2804 533 2871 civitatis
547 2805 637 2868 ‘viros
656 2807 688 2872 se
702 2807 736 2871 in
755 2807 877 2872 medios
894 2804 1000 2874 hostes
1020 2811 1065 2876 ad

262 2918 461 3005 perspicuam
481 2928 639 2995 mortem,
668 2938 726 3003 pro
752 2921 853 2986 salute
874 2923 1062 3003 exercitur,

262 3028 421 3116 injecisse:
445 3040 523 3114 ego,
542 3051 599 3117 pro
614 3033 715 3099 salute
731 3035 915 3117 reipublicae
929 3036 1065 3102 uuiver-

262 3144 302 3210 sae
332 3144 544 3211 dubitarem?
578 3144 641 3210 hoc
680 3147 814 3212 meliore
845 3150 1060 3231 conditione,

255 3279 360 3344 ‘quam
379 3258 490 3335 Decli,
512 3261 597 3344 quod
616 3258 665 3323 illi
679 3280 721 3325 ne
744 3261 907 3327 auditores
928 3264 1062 3346 quidem

260 3362 323 3439 suae
338 3375 465 3456 gloriae,
490 3394 549 3455 ego
566 3372 664 3437 etiam
679 3372 836 3457 spetlator
856 3395 935 3440 meae
951 3377 1063 3445 laudi!

195 3498 249 3584 2'5
262 3487 324 3555 effe
342 3483 522 3573 pctuiffem.
561 3488 678 3572 ltaque
693 3487 849 3556 instaura
872 3491 966 3557 furor
980 3500 1061 3569 tuna
