2384 4134
96 338 205 475 ,’,
276 371 338 458 qr
534 320 817 465 onnr1o

274 545 521 630 responderem?
544 546 678 631 (quaero
695 569 737 611 ex
754 568 794 613 eu
811 546 897 631 ipsu,
921 545 981 633 qui
995 549 1076 615 serre
1111 556 1118 613 s

273 684 326 728 me
343 681 409 724 non
427 659 552 745 potest)
580 681 635 724 me
656 659 844 727 civem-esse
863 660 1076 751 Romanum?
1110 610 1118 735 ,4

272 777 417 840 litterate
441 772 675 857 respondissem.
725 772 935 839 tacuissem?
976 775 1077 839 deser·

271 898 344 953 tum
365 889 541 971 negotium.
585 885 693 951 Potest
710 886 881 971 quisquam
897 886 952 953 vir
972 885 1011 952 in
1030 906 1078 955 re·
1117 900 1118 907 ’

274 1004 336 1068 bue
356 999 481 1083 magnis
500 1020 576 1064 eum
593 999 715 1064 inuidia
729 1000 888 1081 versatus,
912 1000 991 1065 setis
1008 1019 1077 1085 gm-

157 1201 160 1206 .
275 1116 359 1180 viter
383 1120 495 1176 contra
523 1113 645 1177 inimici
670 1114 901 1178 contumeliam
931 1111 1001 1179 sure
1026 1114 1077 1180 sur

273 1228 369 1292 laude
382 1208 577 1310 respondere
592 1226 623 1290 2-
647 1224 699 1289 At,
715 1225 781 1310 ipse
807 1244 874 1291 non
898 1228 1001 1292 modo
1031 1247 1099 1293 re·-

273 1340 423 1420 spondet‚
438 1339 595 1423 quidquid
607 1337 728 1421 potest,
745 1358 821 1403 cum
838 1337 882 1403 est
896 1337 1076 1426 lacessitur:

272 1451 441 1518 sedetiam
455 1455 593 1536 gaudet,
606 1451 638 1517 se
651 1453 691 1518 ab
706 1451 817 1517 amicir
824 1497 836 1531 ,
854 1451 934 1539 quid
949 1453 1077 1539 respon·

274 1567 365 1644 deat,
388 1566 564 1629 admoneri.
787 1546 791 1554 ’
977 1592 979 1597 ·

236 1693 263 1770 9
341 1676 421 1755 Sed,
452 1679 605 1762 quoniam
629 1696 702 1742 mea
722 1679 993 1762 causeexpedite
1015 1678 1076 1757 est,

232 1780 265 1833 ¹⁸
277 1792 443 1858 videamus
455 1811 558 1869 nune,
576 1791 654 1875 quid
666 1791 848 1875 haruspices
862 1792 987 1857 dscant.
1010 1793 1076 1876 Ege

275 1906 362 1968 enim
375 1907 507 1997 spteor,
535 1925 611 1981 me,
640 1901 675 1968 δι
696 1904 919 1986 magnitudine
945 1904 1078 1984 ostenti,

264 2005 312 2083 ’δι
328 2017 489 2100 gravitate
507 2013 659 2099 responfi‚
674 2014 709 2081 &
723 2035 794 2103 una·
806 2025 904 2101 atque
921 2018 1077 2085 constanti

277 2130 478 2214 haruspicum
505 2151 585 2198 voce
610 2129 818 2195 vehementer
843 2128 906 2195 esse
931 2150 1075 2197 commo·

275 2252 358 2309 tum.
402 2244 517 2328 Neque
537 2245 565 2307 is
586 2244 675 2316 sum,
698 2243 775 2328 qui,
797 2241 821 2307 fi
844 2240 1009 2317 cuisorte
1035 2245 1078 2312 vi·

276 2361 355 2423 deor
372 2358 469 2442 plus,
492 2377 590 2441 quam
609 2356 733 2438 reteri,
758 2356 815 2441 qui
837 2374 958 2448 reque,
983 2366 1077 2441 atque

277 2493 356 2555 ego,
379 2471 452 2533 sunt
465 2469 630 2552 occupati,
654 2468 772 2534 versari
784 2469 819 2533 in
833 2468 937 2533 studio
953 2469 1078 2536 littere·

275 2605 364 2663 rum,
386 2585 437 2647 his
452 2579 611 2668 delesier,
633 2590 691 2646 aut
704 2590 780 2649 uter
795 2582 926 2647 omnino
942 2583 1078 2662 litteris,

278 2719 352 2783 quae
365 2679 489 2760 nostrus
504 2697 630 2763 animos
647 2697 810 2771 deterrent
822 2703 923 2780 etque
936 2704 1079 2785 evocent

277 2811 485 2892 rereligione.
528 2810 598 2891 Ego
626 2828 702 2873 vero
726 2809 864 2892 primum
888 2809 997 2875 habeo
1025 2830 1080 2875 ru·

279 2924 385 2989 &ores
410 2943 447 2986 ec
469 2922 635 3004 magistros
656 2921 846 3005 religionum
869 2921 1079 2990 colendarum

278 3038 416 3120 majores
439 3036 581 3100 nostros:
612 3055 749 3119 quorum
770 3035 850 3098 mihi
869 3042 963 3099 tante
988 3036 1080 3103 fuisse

277 3153 431 3236 sapientia
451 3150 595 3227 videtur,
619 3156 656 3212 ut
671 3148 746 3212 satis
767 3145 924 3232 superque
938 3153 1081 3231 pruden-

244 3281 247 3287 “
278 3275 328 3331 tes
345 3263 422 3341 sint,
446 3263 502 3345 qui
513 3264 646 3326 illorum
661 3261 880 3345 prudentiam,
894 3280 960 3324 non
977 3264 1081 3327 dicum

280 3378 417 3463 assequi,
440 3376 515 3453 sed,
537 3383 656 3463 quanta
675 3374 772 3441 suerit
782 3420 794 3453 ,
815 3373 996 3459 perspicere
1015 3374 1082 3461 pos·

279 3492 362 3558 smt:
391 3489 449 3574 qui
471 3487 587 3570 status,
611 3488 830 3575 solemnesque
851 3490 1081 3567 ceremoniae,

824 3599 1043 3688 pontificatu:
