2384 4134
279 304 371 429 ‚⁶0¹
536 349 820 420 4οιιιιτιο
915 408 927 439 „

277 532 315 586 ut
333 522 549 605 excogitaret,
574 496 841 608 quemadmddum
862 521 1085 593 calamitatem

280 655 387 700 meam
404 656 469 700 non
482 639 595 702 modo·
607 640 729 705 levaret
746 682 757 714 ,
785 637 957 702 sedetiam
979 640 1084 713 houe-

149 796 152 811 ,
278 748 386 815 staret.
451 749 539 824 Quid
569 752 656 845 enim
685 748 944 832 magnificentius
958 797 970 828 ,
1003 755 1081 836 quid

277 862 465 946 praeclarius
479 863 558 927 mihi
571 864 715 926 accidere
729 864 852 945 potuit,
866 883 965 947 quam
979 869 1082 950 quod,

277 976 335 1039 illo
357 982 507 1057 petente,
530 995 588 1040 vos
611 975 815 1051 decrevistis,
845 986 883 1037 ut
901 976 1017 1049 cuuiti
1040 1001 1081 1045 ex

279 1089 368 1151 omni
389 1088 509 1163 Italia,
531 1087 589 1170 qui
613 1089 839 1170 rempublicam
863 1087 983 1153 salvam
1010 1093 1080 1156 vel·

277 1201 366 1275 lent,
396 1201 512 1265 adme
536 1219 661 1277 uuum,
686 1201 852 1273 bominem
877 1198 1021 1291 fraitun
1044 1203 1081 1271 dc

271 1333 375 1397 prope
388 1309 589 1396 diffipatum,
611 1311 840 1379 restituendum
853 1311 887 1377 dc
900 1315 1080 1382 defenden-

276 1428 355 1490 dum
377 1423 561 1515 venirent?
589 1437 653 1504 ut,
676 1443 742 1512 qua
764 1432 844 1490 voce
866 1434 917 1489 ter
940 1430 1079 1495 omniuo

276 1538 346 1624 post
364 1538 500 1604 Romam
521 1539 684 1603 conditam
698 1538 808 1602 consul
826 1538 902 1602 usus
918 1538 1000 1605 effet
1017 1561 1076 1625 pru

275 1653 424 1721 universa
436 1651 701 1736 republicaapud
715 1671 771 1715 eos
785 1649 907 1726 folum,
931 1654 989 1735 qui
1003 1654 1078 1737 ejus

275 1787 387 1832 vocem
407 1764 559 1828 exaudire
575 1761 720 1846 possent3
747 1762 859 1828 eodem
880 1784 960 1829 voce
982 1766 1079 1835 sena-

264 1883 331 1943 'tus
349 1877 499 1941 omnibus
515 1876 601 1958 agris
614 1883 713 1961 atque
730 1875 873 1958 oppidis,
895 1876 1005 1956 cives,
1022 1889 1076 1946 to·

274 2001 406 2075 tamque
422 1987 551 2054 Italiam
567 1988 608 2051 ad
630 1989 728 2053 unius
745 1988 879 2052 salutem
898 1991 1077 2059 defenden-

210 2117 263 2176 10
274 2106 349 2168 dam
376 2101 543 2166 excitaret.
596 2099 686 2177 Quid
711 2121 772 2184 ego
799 2101 963 2184 gloriosius
991 2109 1077 2173 meio

228 2207 264 2265 ²⁵
274 2216 406 2302 posteris
427 2215 519 2298 potui
540 2214 740 2300 relinquere,
763 2232 879 2298 quam,
900 2217 962 2281 hoc
980 2218 1072 2284 seua·

272 2341 346 2396 tum
362 2325 527 2412 judicafl'e,
550 2328 606 2411 qui
622 2327 702 2393 ciuis
715 2347 769 2391 me
784 2347 850 2392 non
870 2329 1074 2411 defendisset,

173 2457 176 2467 ·
233 2494 237 2507 ,
273 2464 349 2510 eum
370 2442 600 2524 rempublicam
620 2418 922 2509 salvam-notuisse?
951 2442 1075 2528 Itaque

271 2564 399 2620 tautum
428 2551 530 2618 velita
559 2550 764 2634 auctoritas,
794 2560 919 2635 tautum
948 2555 1077 2625 eximia

272 2669 409 2734 consulis
422 2665 560 2749 dignitas
573 2667 702 2744 valuit,
712 2673 752 2747 ut
767 2664 959 2731 dedecus&
973 2664 1075 2751 flagi-

269 2782 354 2846 tium
369 2782 400 2845 sc
415 2779 618 2873 committere
633 2786 776 2864 putaret,
789 2768 820 2861 li
834 2777 909 2861 quis
927 2797 993 2844 non
1012 2805 1072 2857 ve-

270 2897 368 2959 niret.
411 2893 569 2975 Idemque
584 2889 713 2969 consul,
730 2911 810 2956 cum
822 2891 879 2955 illa
895 2891 1072 2961 incredibi-

269 3009 311 3072 lis
331 3005 505 3071 multitudo
531 3004 686 3082 Romam,
715 3001 750 3071 dc
770 3022 864 3088 paene
885 3004 980 3070 ltalia
1000 3007 1070 3088 ipsa

267 3117 422 3193 veuiffet,
445 3138 502 3181 vos
523 3113 793 3202 frequentiffimoa
812 3117 847 3181 in
871 3117 1073 3201 Capitolium

266 3230 469 3299 convocavit.
506 3229 580 3306 Quo
596 3239 744 3314 tempore
760 3236 913 3314 quantam
929 3230 991 3295 vim
1008 3250 1070 3295 na·

266 3351 352 3423 turae
376 3341 503 3409 bonitas
527 3341 683 3419 haberet,
713 3351 770 3408 aut
793 3332 870 3409 uera
891 3342 1067 3422 nobilitas,

264 3457 446 3549 iutelligece
461 3454 620 3540 potuistis.
654 3453 740 3523 Nam
761 3455 805 3534 Q.
827 3455 977 3522 Metellus
988 3500 1000 3536 ,
1031 3454 1069 3526 dc

464 3755 517 3829 ἱ..
