2384 4134
256 377 302 441 66
378 394 381 401 ’
519 374 799 441 ORATIO

179 637 182 643 ᾗ
259 550 435 627 desereret,
453 547 506 629 sed
522 550 624 618 etium
638 547 778 635 hostibus
788 544 979 630 reipublicae
991 569 1071 633 pro·

260 665 379 749 duret,¹
391 659 594 745 pastionibus
613 662 745 727 Clodius
762 662 1072 744 suorum-proemio-

260 797 333 844 rum
353 777 524 858 obligarat.
567 776 648 838 Erat
673 770 757 852 alius
782 776 825 845 ad
848 784 959 857 portus
990 797 1071 842 cum

259 889 396 975 imperio
418 890 452 953 in
470 888 590 954 multoe
612 906 739 964 annos,
761 907 946 972 magnoque
970 910 1073 954 exer·

260 1003 351 1066 citu:
381 1020 478 1085 quem
503 1021 564 1084 ego
579 1000 859 1092 ,inimicumymihi
881 999 975 1065 fuisse
1001 1022 1073 1068 non
1112 1046 1114 1051 -

259 1117 352 1193 dioo;
374 1111 522 1194 tacuisse,
546 1132 622 1179 cum
638 1112 798 1193 diceretur
814 1111 876 1178 esse
892 1114 1071 1195 inimicus,

219 1241 253 1296 33
264 1228 337 1291 scio.
372 1227 455 1291 Duae
470 1235 579 1309 partes
593 1224 656 1291 effe
675 1227 710 1290 in
727 1228 891 1310 republica
907 1246 986 1293 oum
1007 1249 1072 1312 pu·

260 1348 430 1404 tutentur:
453 1341 555 1404 altera
568 1358 624 1408 ,me
641 1340 826 1424 deposcere,
850 1348 983 1422 propter
1005 1343 1072 1405 ini-

261 1452 402 1517 minicius
418 1474 429 1530 3
462 1455 564 1516 altera
582 1453 695 1518 timide
717 1453 911 1529 defendere,
932 1463 1072 1536 propter

260 1566 468 1649 suspicionem
498 1565 597 1630 cedis
625 1566 810 1649 putabatur.
855 1565 923 1641 Qui
953 1576 1072 1633 autem

159 1750 164 1760 .
262 1700 316 1744 me
332 1680 500 1762 deposcere
522 1677 734 1756 videbuntur,
758 1677 793 1741 in
815 1675 878 1744 hoo
902 1691 1072 1761 auxerunt

262 1792 479 1860 dimicationis
503 1800 652 1866 metum,
682 1788 769 1873 quod
787 1809 967 1874 numquam
990 1790 1072 1857 infi-

261 1903 372 1969 tiando
388 1900 593 1985 suspicionem
606 1902 795 1982 hominurn,¹
814 1923 990 1990 curemque
1005 1907 1072 1970 mi·

262 2024 416 2088 nuerunt.
462 2014 571 2092 Quare
589 2036 663 2082 oum
679 2018 822 2083 viderem
835 1989 981 2085 senatum
1004 2023 1072 2085 du-

265 2131 355 2221 cibus
377 2129 544 2206 orbatum,
572 2150 626 2196 me
646 2147 666 2194 a
685 2130 921 2213 magistratibus
944 2135 1070 2214 partim

265 2222 504 2328 oppugnatum,
526 2245 645 2325 partim
667 2245 850 2326 proditum}
871 2245 990 2328 partim
1009 2249 1070 2312 de·

262 2356 430 2434 relictum
445 2355 551 2421 servos
566 2354 768 2423 fimuiatione
780 2358 987 2441 collegiorum
1006 2379 1070 2424 no·

264 2471 411 2536 minutim
432 2468 493 2532 esse
512 2468 723 2553 conscriptos,
745 2470 854 2555 copies
872 2489 982 2534 omnes
1001 2473 1070 2540 Ca·

263 2586 365 2648 tilinae
387 2601 479 2664 paene
499 2583 615 2646 iisdem
638 2584 773 2648 ducibus
792 2584 833 2648 ud
854 2580 939 2665 spem
962 2585 1068 2649 coedis

139 2724 141 2731 ’
265 2697 301 2762 dt
321 2683 543 2773 incendiorum
555 2693 627 2760 esse
644 2704 829 2772 revocatam
852 2695 977 2777 equites
996 2693 1069 2759 Ro.

263 2829 377 2875 manoe
385 2853 396 2886 ‚
418 2807 656 2893 proscriptionis
675 2828 685 2886 ;
718 2807 911 2891 municipia,
935 2808 1069 2877 vastitu-

211 3009 213 3015 .
263 2924 328 3000 τίη
350 2940 482 2997 omnes,
501 2923 599 2985 coedis
614 2932 705 2987 metu
721 2922 783 2987 esse
799 2931 982 3006 permotos:
1005 2943 1069 3004 po·

192 3088 198 3097 ,
263 3035 332 3111 tui,
355 3035 464 3117 potui,
487 3044 594 3118 putres
610 3035 796 3120 conscripti,
819 3037 932 3102 multis
953 3034 1069 3101 autio-
1092 3010 1094 3019 ,

140 3153 143 3157 '
262 3149 351 3213 ribus
373 3143 545 3212 sortisiimic
563 3149 660 3224 viris,
683 3150 802 3226 mevi,
825 3148 990 3232 armisque
1010 3153 1070 3215 de·

176 3272 187 3297 ’
263 3263 422 3338 sendere3
452 3280 512 3325 nec
538 3261 618 3325 mihi
648 3262 713 3346 ipse
741 3262 797 3326 ille
824 3263 950 3327 unimus
979 3265 1068 3329 idem

263 3393 374 3449 meus,
398 3375 487 3440 vobis
503 3392 567 3436 non
582 3375 783 3458 incognitus,
806 3377 920 3442 defuit.
946 3377 997 3440 sed
1018 3379 1069 3442 vi·

262 3489 396 3570 debam,
420 3485 443 3552 fi
464 3486 605 3555 uieiffem
625 3486 815 3576 presentem
837 3490 1071 3571 adversarium,
