2384 4134
227 427 292 490 292
487 344 768 469 ormo

231 581 354 656 cilium,
364 577 416 640 sed
431 577 547 662 pignus
560 555 745 661 reipublicae
757 576 943 642 videbatur.
959 583 1015 640 tan·

166 759 173 773 ,
229 703 265 756 ta
282 700 352 754 erat
371 691 514 773 gravitas
536 691 569 790 in
594 691 708 768 oculo,
738 697 830 752 tanta
854 686 1018 753 contraibit

227 806 354 880 frontis,
364 803 465 868 utillo
480 804 649 887 supercilio
664 801 859 885 respublica,
869 775 1020 888 tamquam

186 939 219 986 20
228 918 362 982 Atlante
382 918 520 993 coelurn,
543 917 603 979 niti
621 916 795 980 videretur.
839 915 924 979 Erat
945 915 1024 980 deni·

229 1049 293 1113 que
304 1030 358 1091 hie
375 1030 518 1093 omnium
534 1029 654 1094 sermo:
675 1027 730 1092 Est
746 1036 859 1092 tamen
878 1029 1024 1112 reipubli-

228 1163 276 1205 cae
290 1162 469 1223 magnum,
493 1142 690 1224 firmumque
714 1137 914 1205 subfidiumz·
929 1143 1023 1206 haben

227 1276 324 1338 quem
345 1274 504 1337 opponam
520 1255 584 1319 labi
599 1255 646 1347 illi
663 1261 760 1338 atque
780 1275 901 1318 coenot
925 1257 1022 1331 vultu,

226 1368 352 1432 medius
368 1367 482 1443 fidius,
506 1368 638 1450 collegae
656 1367 704 1430 sui
715 1366 905 1446 libidinem,
918 1368 1024 1432 levita·

224 1488 357 1565 temque
380 1482 536 1564 franget:
564 1480 695 1544 habebit
717 1479 865 1556 senatus,
889 1481 925 1544 in
944 1481 1024 1544 hunc

223 1613 343 1658 annum
359 1614 457 1678 quern
470 1595 644 1677 sequatur:
667 1613 730 1664 non
748 1592 851 1656 deerit
867 1591 1023 1667 austun&

224 1710 288 1771 dux
310 1694 421 1784 bonis',
442 1708 521 1770 mihi
539 1707 680 1788 denique
697 1706 844 1769 homints
861 1703 1023 1789 prae'tipne
1057 1748 1059 1787 ι

222 1820 486 1900 gratulabantur,
509 1795 598 1901 quod'
611 1819 780 1882 habiturus
799 1816 899 1882 effern
916 1811 1023 1884 c'ontra
1058 1896 1059 1901 γ

220 1918 385 1995 tribunum
405 1930 508 2022 plebis
525 1931 680 1995 furiosum
699 1930 734 1995 &
753 1930 932 2010 audacem,
954 1951 1024 1996 cun

219 2041 555 2121 amicum&aff1nem‚
571 2052 643 2108 turn
658 2045 757 2107 etiam
769 2046 889 2108 fortem
905 2045 941 2111 δι
953 2065 1024 2128 gra·

180 2167 295 2261 9vem'
315 2146 489 2222 consulein.
534 2159 647 2242 Atque
669 2177 784 2222 eorum
806 2158 891 2221 alter
909 2159 1022 2224 fefellit

120 2266 123 2271 ’
216 2269 391 2335 neminem.
438 2270 521 2346 Quis
541 2272 626 2334 'enim
648 2273 777 2334 clavum
795 2269 878 2332 tanti
893 2270 1022 2354 imperii

215 2391 345 2458 tenere,
370 2382 643 2466 &gubernacula
669 2382 854 2466 reipublicae
879 2380 1021 2448 tratbare

215 2497 251 2560 in
269 2497 408 2560 inaximo
431 2496 523 2560 cursu
540 2516 579 2559 ac
600 2493 756 2568 flnstibus
771 2493 857 2578 poffe
882 2498 1021 2561 arbitra·

214 2618 306 2674 retur
322 2609 485 2675 homineln
503 2576 661 2674 emersum
681 2609 783 2674 subito
802 2629 843 2672 ex
856 2609 1019 2674 diuturnir

95 2794 105 2802 ,
212 2723 355 2788 tenebris
372 2721 544 2803 lustrorum
567 2743 604 2789 ac
619 2720 830 2805 stuprorum?
851 2710 930 2795 v'ino
939 2741 1019 2805 ,ga-

210 2839 302 2913 neis‚
325 2806 513 2914 lenociniis,
535 2802 772 2918 adulteriirffue
797 2832 1018 2919 conlefturnl

211 2970 285 3013 curn
302 2951 329 3012 is
346 2958 427 3033 praet
428 2972 463 3014 er
472 2949 585 3033 spem
574 2970 608 3012 in
623 2945 769 3012 altlillmo
784 2948 886 3029 gradu
903 2948 1016 3014 alienia

208 3063 323 3145 opibus
347 3062 466 3145 po'fitus
490 3061 588 3137 esset,
611 3061 750 3146 quinon
770 3061 868 3124 inodo
890 3069 1018 3146 tempe·

208 3175 321 3241 statem
337 3162 574 3259 impendentem
588 3175 710 3239 intueri
726 3174 945 3251 temulentus,
965 3175 1014 3240 sed

206 3310 249 3355 ne
263 3292 380 3354 'lucem
397 3289 528 3372 quidem
544 3288 703 3352 insolitam
717 3286 878 3370 adspicere
899 3287 1014 3370 pollet.

158 3423 193 3476 21
206 3379 436 3469 Alterrnultos
453 3401 548 3486 plane
567 3402 602 3466 ln
619 3419 731 3469 onnes
752 3407 860 3483 partes
884 3401 1013 3466 fefellit.

198 3529 275 3592 erat
296 3522 388 3592 enim
403 3517 583 3597 bodinum
596 3512 747 3600 uuitiintix
758 3512 927 3574 ninnium
936 3514 1017 3593 iiiia,
