<?xml version="1.0" encoding="UTF-8"?>
<!DOCTYPE html PUBLIC "-//W3C//DTD XHTML 1.0 Transitional//EN"
    "http://www.w3.org/TR/xhtml1/DTD/xhtml1-transitional.dtd">
<html xmlns="http://www.w3.org/1999/xhtml" xml:lang="en" lang="en">
 <head>
  <title>
</title>
<meta http-equiv="Content-Type" content="text/html;charset=utf-8" />
  <meta name='ocr-system' content='tesseract 3.04.00' />
  <meta name='ocr-capabilities' content='ocr_page ocr_carea ocr_par ocr_line ocrx_word'/>
</head>
<body>
  <div class='ocr_page' id='page_1' title='image "./mtvlliiciceroni00cicegoog_0450.png"; bbox 0 0 2384 4134; ppageno 0'>
   <div class='ocr_carea' id='block_1_1' title="bbox 249 383 796 471">
    <p class='ocr_par' dir='ltr' id='par_1_1' title="bbox 249 383 796 471">
     <span class='ocr_line' id='line_1_1' title="bbox 249 383 796 471; baseline -0.007 -18"><span class='ocrx_word' id='word_1_1' title='bbox 249 389 294 464; x_wconf 62' lang='lat' dir='ltr'><strong>m</strong></span> <span class='ocrx_word' id='word_1_2' title='bbox 514 383 796 471; x_wconf 63' lang='lat' dir='ltr'>ORATFO</span> 
     </span>
    </p>
   </div>
   <div class='ocr_carea' id='block_1_2' title="bbox 174 552 1095 1994">
    <p class='ocr_par' dir='ltr' id='par_1_2' title="bbox 174 552 1095 1994">
     <span class='ocr_line' id='line_1_2' title="bbox 208 552 1063 644; baseline -0.006 -12"><span class='ocrx_word' id='word_1_3' title='bbox 208 574 242 632; x_wconf 79' lang='grc'><strong>35</strong></span> <span class='ocrx_word' id='word_1_4' title='bbox 253 561 333 628; x_wconf 86' lang='lat' dir='ltr'><strong>mihi</strong></span> <span class='ocrx_word' id='word_1_5' title='bbox 350 578 424 623; x_wconf 91' lang='lat' dir='ltr'><strong>cum</strong></span> <span class='ocrx_word' id='word_1_6' title='bbox 441 558 504 624; x_wconf 85' lang='lat' dir='ltr'><strong>illis</strong></span> <span class='ocrx_word' id='word_1_7' title='bbox 522 578 589 623; x_wconf 87' lang='lat' dir='ltr'><strong>una</strong></span> <span class='ocrx_word' id='word_1_8' title='bbox 610 559 674 624; x_wconf 87' lang='lat' dir='ltr'><strong>esse</strong></span> <span class='ocrx_word' id='word_1_9' title='bbox 692 552 905 625; x_wconf 81' lang='lat' dir='ltr'><strong>redeundum.</strong></span> <span class='ocrx_word' id='word_1_10' title='bbox 952 558 1063 644; x_wconf 80' lang='lat' dir='ltr'><strong>Cujus</strong></span> 
     </span>
     <span class='ocr_line' id='line_1_3' title="bbox 222 654 1063 753; baseline 0.002 -16"><span class='ocrx_word' id='word_1_11' title='bbox 222 654 224 660; x_wconf 36' lang='lat'><strong>¹</strong></span> <span class='ocrx_word' id='word_1_12' title='bbox 251 675 318 738; x_wconf 87' lang='lat' dir='ltr'><strong>mei</strong></span> <span class='ocrx_word' id='word_1_13' title='bbox 338 671 443 736; x_wconf 80' lang='lat' dir='ltr'><strong>sensus</strong></span> <span class='ocrx_word' id='word_1_14' title='bbox 468 666 659 737; x_wconf 68' lang='lat' dir='ltr'><strong>certissimud</strong></span> <span class='ocrx_word' id='word_1_15' title='bbox 684 667 772 738; x_wconf 81' lang='lat' dir='ltr'><strong>testis</strong></span> <span class='ocrx_word' id='word_1_16' title='bbox 798 672 842 741; x_wconf 82' lang='lat' dir='ltr'><strong>ost</strong></span> <span class='ocrx_word' id='word_1_17' title='bbox 867 672 920 736; x_wconf 87' lang='lat' dir='ltr'><strong>hic</strong></span> <span class='ocrx_word' id='word_1_18' title='bbox 943 674 1063 753; x_wconf 88' lang='lat' dir='ltr'><strong>idem,</strong></span> 
     </span>
     <span class='ocr_line' id='line_1_4' title="bbox 251 770 1064 870; baseline 0 -19"><span class='ocrx_word' id='word_1_19' title='bbox 251 787 310 870; x_wconf 88' lang='lat' dir='ltr'><strong>qui</strong></span> <span class='ocrx_word' id='word_1_20' title='bbox 330 784 436 848; x_wconf 80' lang='lat' dir='ltr'><strong>collos</strong></span> <span class='ocrx_word' id='word_1_21' title='bbox 460 770 578 867; x_wconf 67' lang='lat' dir='ltr'><strong>capitio</strong></span> <span class='ocrx_word' id='word_1_22' title='bbox 599 780 684 863; x_wconf 85' lang='lat' dir='ltr'><strong>fuit&#39;,</strong></span> <span class='ocrx_word' id='word_1_23' title='bbox 700 780 766 850; x_wconf 77' lang='lat' dir='ltr'><strong>&#39;&#39;Cm</strong></span> <span class='ocrx_word' id='word_1_24' title='bbox 784 786 954 864; x_wconf 83' lang='lat' dir='ltr'><strong>Plancius,</strong></span> <span class='ocrx_word' id='word_1_25' title='bbox 975 788 1064 869; x_wconf 87' lang='lat' dir='ltr'><strong>qui,</strong></span> 
     </span>
     <span class='ocr_line' id='line_1_5' title="bbox 250 876 1095 980; baseline 0.001 -16"><span class='ocrx_word' id='word_1_26' title='bbox 250 899 397 964; x_wconf 88' lang='lat' dir='ltr'><strong>omnibus</strong></span> <span class='ocrx_word' id='word_1_27' title='bbox 412 892 661 980; x_wconf 87' lang='lat' dir='ltr'><strong>provincialibus</strong></span> <span class='ocrx_word' id='word_1_28' title='bbox 677 893 892 977; x_wconf 70' lang='lat' dir='ltr'><strong>ornamentis,</strong></span> <span class='ocrx_word' id='word_1_29' title='bbox 910 919 1063 965; x_wconf 88' lang='lat' dir='ltr'><strong>commo·</strong></span> <span class='ocrx_word' id='word_1_30' title='bbox 1093 876 1095 885; x_wconf 33' lang='grc' dir='ltr'>Ι</span> 
     </span>
     <span class='ocr_line' id='line_1_6' title="bbox 250 1005 1061 1096; baseline 0.002 -20"><span class='ocrx_word' id='word_1_31' title='bbox 250 1014 365 1096; x_wconf 89' lang='lat' dir='ltr'><strong>disque</strong></span> <span class='ocrx_word' id='word_1_32' title='bbox 383 1005 554 1094; x_wconf 79' lang='lat' dir='ltr'><strong>depofitis,</strong></span> <span class='ocrx_word' id='word_1_33' title='bbox 570 1018 680 1075; x_wconf 80' lang='lat' dir='ltr'><strong>&#39;totam</strong></span> <span class='ocrx_word' id='word_1_34' title='bbox 697 1013 787 1076; x_wconf 85' lang='lat' dir='ltr'><strong>suam</strong></span> <span class='ocrx_word' id='word_1_35' title='bbox 804 1012 1001 1096; x_wconf 81' lang='lat' dir='ltr'><strong>quaesturam</strong></span> <span class='ocrx_word' id='word_1_36' title='bbox 1023 1015 1061 1078; x_wconf 90' lang='lat' dir='ltr'><strong>iu</strong></span> 
     </span>
     <span class='ocr_line' id='line_1_7' title="bbox 221 1114 1060 1192; baseline 0.004 -3"><span class='ocrx_word' id='word_1_37' title='bbox 221 1114 223 1122; x_wconf 49' lang='lat'><strong>¹</strong></span> <span class='ocrx_word' id='word_1_38' title='bbox 250 1147 304 1189; x_wconf 86' lang='lat' dir='ltr'><strong>me</strong></span> <span class='ocrx_word' id='word_1_39' title='bbox 334 1123 534 1188; x_wconf 84' lang='lat' dir='ltr'><strong>sustentando</strong></span> <span class='ocrx_word' id='word_1_40' title='bbox 563 1123 837 1190; x_wconf 78' lang='lat' dir='ltr'><strong>&amp;conservando</strong></span> <span class='ocrx_word' id='word_1_41' title='bbox 868 1126 1060 1192; x_wconf 86' lang='lat' dir='ltr'><strong>collocavit.</strong></span> 
     </span>
     <span class='ocr_line' id='line_1_8' title="bbox 249 1234 1059 1322; baseline 0.002 -20"><span class='ocrx_word' id='word_1_42' title='bbox 249 1240 305 1321; x_wconf 90' lang='lat' dir='ltr'><strong>qui</strong></span> <span class='ocrx_word' id='word_1_43' title='bbox 329 1234 353 1300; x_wconf 84' lang='lat' dir='ltr'>fi</span> <span class='ocrx_word' id='word_1_44' title='bbox 378 1236 458 1302; x_wconf 89' lang='lat' dir='ltr'><strong>mihi</strong></span> <span class='ocrx_word' id='word_1_45' title='bbox 486 1237 623 1322; x_wconf 83' lang='lat' dir='ltr'><strong>quaestor</strong></span> <span class='ocrx_word' id='word_1_46' title='bbox 644 1239 831 1321; x_wconf 88' lang='lat' dir='ltr'><strong>imperatori</strong></span> <span class='ocrx_word' id='word_1_47' title='bbox 856 1236 985 1315; x_wconf 75' lang='lat' dir='ltr'><strong>suisset,</strong></span> <span class='ocrx_word' id='word_1_48' title='bbox 1019 1240 1059 1304; x_wconf 88' lang='lat' dir='ltr'><strong>in</strong></span> 
     </span>
     <span class='ocr_line' id='line_1_9' title="bbox 174 1334 1060 1433; baseline 0.002 -18"><span class='ocrx_word' id='word_1_49' title='bbox 174 1355 176 1358; x_wconf 77' lang='grc'>’</span> <span class='ocrx_word' id='word_1_50' title='bbox 247 1351 310 1415; x_wconf 84' lang='lat' dir='ltr'><strong>filii</strong></span> <span class='ocrx_word' id='word_1_51' title='bbox 323 1351 396 1415; x_wconf 89' lang='lat' dir='ltr'><strong>loco</strong></span> <span class='ocrx_word' id='word_1_52' title='bbox 409 1348 534 1416; x_wconf 78' lang='lat' dir='ltr'><strong>suisl‘etr</strong></span> <span class='ocrx_word' id='word_1_53' title='bbox 545 1334 641 1416; x_wconf 57' lang='lat' dir='ltr'><strong>&#39;nunc</strong></span> <span class='ocrx_word' id='word_1_54' title='bbox 658 1361 745 1416; x_wconf 88' lang='lat' dir='ltr'><strong>certe</strong></span> <span class='ocrx_word' id='word_1_55' title='bbox 759 1353 821 1417; x_wconf 90' lang='lat' dir='ltr'><strong>erit</strong></span> <span class='ocrx_word' id='word_1_56' title='bbox 839 1352 872 1414; x_wconf 93' lang='lat' dir='ltr'><strong>in</strong></span> <span class='ocrx_word' id='word_1_57' title='bbox 887 1353 1060 1433; x_wconf 82' lang='lat' dir='ltr'><strong>parentis,</strong></span> 
     </span>
     <span class='ocr_line' id='line_1_10' title="bbox 250 1462 1061 1552; baseline 0.002 -24"><span class='ocrx_word' id='word_1_58' title='bbox 250 1483 324 1530; x_wconf 87' lang='lat' dir='ltr'><strong>cum</strong></span> <span class='ocrx_word' id='word_1_59' title='bbox 341 1464 441 1529; x_wconf 88' lang='lat' dir='ltr'><strong>suerit</strong></span> <span class='ocrx_word' id='word_1_60' title='bbox 464 1462 602 1552; x_wconf 73' lang='lat' dir='ltr'><strong>quaestor</strong></span> <span class='ocrx_word' id='word_1_61' title='bbox 625 1484 692 1530; x_wconf 88' lang='lat' dir='ltr'><strong>non</strong></span> <span class='ocrx_word' id='word_1_62' title='bbox 713 1465 859 1550; x_wconf 87' lang='lat' dir='ltr'><strong>imperii,</strong></span> <span class='ocrx_word' id='word_1_63' title='bbox 887 1463 939 1528; x_wconf 85' lang='lat' dir='ltr'><strong>sed</strong></span> <span class='ocrx_word' id='word_1_64' title='bbox 959 1465 1061 1530; x_wconf 91' lang='lat' dir='ltr'><strong>dolo·</strong></span> 
     </span>
     <span class='ocr_line' id='line_1_11' title="bbox 249 1557 952 1643; baseline 0.003 -3"><span class='ocrx_word' id='word_1_65' title='bbox 249 1579 295 1642; x_wconf 83' lang='lat' dir='ltr'><strong>ris</strong></span> <span class='ocrx_word' id='word_1_66' title='bbox 315 1579 392 1643; x_wconf 87' lang='lat' dir='ltr'><strong>mei.</strong></span> <span class='ocrx_word' id='word_1_67' title='bbox 592 1572 595 1579; x_wconf 85' lang='grc'><strong>’</strong></span> <span class='ocrx_word' id='word_1_68' title='bbox 950 1557 952 1560; x_wconf 35' lang='grc'><strong>’</strong></span> 
     </span>
     <span class='ocr_line' id='line_1_12' title="bbox 204 1683 1057 1775; baseline -0.002 -15"><span class='ocrx_word' id='word_1_69' title='bbox 204 1696 238 1760; x_wconf 82' lang='grc'><strong>36</strong></span> <span class='ocrx_word' id='word_1_70' title='bbox 315 1692 538 1775; x_wconf 82' lang='lat' dir='ltr'><strong>Quapropter,</strong></span> <span class='ocrx_word' id='word_1_71' title='bbox 553 1683 669 1774; x_wconf 65' lang='lat' dir='ltr'><strong>&#39;putres</strong></span> <span class='ocrx_word' id='word_1_72' title='bbox 686 1691 874 1772; x_wconf 83' lang='lat' dir='ltr'><strong>conscripti,</strong></span> <span class='ocrx_word' id='word_1_73' title='bbox 897 1691 1057 1774; x_wconf 84' lang='lat' dir='ltr'><strong>quoniam</strong></span> 
     </span>
     <span class='ocr_line' id='line_1_13' title="bbox 229 1803 1056 1887; baseline 0.004 -21"><span class='ocrx_word' id='word_1_74' title='bbox 229 1806 282 1867; x_wconf 83' lang='lat' dir='ltr'><strong>&#39;in</strong></span> <span class='ocrx_word' id='word_1_75' title='bbox 305 1805 535 1886; x_wconf 81' lang='lat' dir='ltr'><strong>rempubHcem</strong></span> <span class='ocrx_word' id='word_1_76' title='bbox 560 1803 627 1867; x_wconf 90' lang='lat' dir='ltr'><strong>sum</strong></span> <span class='ocrx_word' id='word_1_77' title='bbox 648 1806 768 1887; x_wconf 74' lang='lat' dir='ltr'><strong>puriter</strong></span> <span class='ocrx_word' id='word_1_78' title='bbox 788 1823 863 1867; x_wconf 88' lang='lat' dir='ltr'><strong>cum</strong></span> <span class='ocrx_word' id='word_1_79' title='bbox 886 1803 1056 1886; x_wconf 82' lang='lat' dir='ltr'><strong>republica</strong></span> 
     </span>
     <span class='ocr_line' id='line_1_14' title="bbox 240 1914 1055 1994; baseline 0.005 -16"><span class='ocrx_word' id='word_1_80' title='bbox 240 1915 435 1994; x_wconf 54' lang='lat' dir='ltr'><strong>restitutum</strong></span> <span class='ocrx_word' id='word_1_81' title='bbox 457 1914 524 1978; x_wconf 89' lang='lat' dir='ltr'><strong>non</strong></span> <span class='ocrx_word' id='word_1_82' title='bbox 535 1917 631 1980; x_wconf 89' lang='lat' dir='ltr'><strong>modo</strong></span> <span class='ocrx_word' id='word_1_83' title='bbox 646 1916 680 1981; x_wconf 91' lang='lat' dir='ltr'><strong>in</strong></span> <span class='ocrx_word' id='word_1_84' title='bbox 694 1936 733 1983; x_wconf 86' lang='lat' dir='ltr'><strong>ea</strong></span> <span class='ocrx_word' id='word_1_85' title='bbox 752 1917 951 1984; x_wconf 83' lang='lat' dir='ltr'><strong>defendenda</strong></span> <span class='ocrx_word' id='word_1_86' title='bbox 968 1916 1055 1982; x_wconf 89' lang='lat' dir='ltr'><strong>nibil</strong></span> 
     </span>
    </p>
   </div>
   <div class='ocr_carea' id='block_1_3' title="bbox 179 2027 1083 2340">
    <p class='ocr_par' dir='ltr' id='par_1_3' title="bbox 179 2027 1083 2340">
     <span class='ocr_line' id='line_1_15' title="bbox 247 2027 1055 2113; baseline 0.004 -21"><span class='ocrx_word' id='word_1_87' title='bbox 247 2030 393 2092; x_wconf 86' lang='lat' dir='ltr'><strong>minuam</strong></span> <span class='ocrx_word' id='word_1_88' title='bbox 407 2028 612 2094; x_wconf 76' lang='lat' dir='ltr'><strong>delibertate</strong></span> <span class='ocrx_word' id='word_1_89' title='bbox 627 2048 700 2095; x_wconf 85' lang='lat' dir='ltr'><strong>mea</strong></span> <span class='ocrx_word' id='word_1_90' title='bbox 711 2027 859 2113; x_wconf 86' lang='lat' dir='ltr'><strong>pristina,</strong></span> <span class='ocrx_word' id='word_1_91' title='bbox 882 2029 935 2093; x_wconf 89' lang='lat' dir='ltr'><strong>sed</strong></span> <span class='ocrx_word' id='word_1_92' title='bbox 950 2030 1055 2095; x_wconf 87' lang='lat' dir='ltr'><strong>etiam</strong></span> 
     </span>
     <span class='ocr_line' id='line_1_16' title="bbox 179 2108 1083 2238; baseline -0.006 -27"><span class='ocrx_word' id='word_1_93' title='bbox 179 2152 233 2238; x_wconf 80' lang='lat'><strong>&#39;15</strong></span> <span class='ocrx_word' id='word_1_94' title='bbox 246 2141 425 2224; x_wconf 82' lang='lat' dir='ltr'><strong>adaugebo.</strong></span> <span class='ocrx_word' id='word_1_95' title='bbox 448 2140 597 2220; x_wconf 79' lang='lat' dir='ltr'><strong>Etenim,</strong></span> <span class='ocrx_word' id='word_1_96' title='bbox 611 2138 635 2206; x_wconf 82' lang='lat' dir='ltr'>fi</span> <span class='ocrx_word' id='word_1_97' title='bbox 649 2163 721 2225; x_wconf 82' lang='lat' dir='ltr'><strong>eam</strong></span> <span class='ocrx_word' id='word_1_98' title='bbox 736 2150 810 2208; x_wconf 84' lang='lat' dir='ltr'><strong>tum</strong></span> <span class='ocrx_word' id='word_1_99' title='bbox 827 2143 1054 2222; x_wconf 82' lang='lat' dir='ltr'><strong>defendebam,</strong></span> <span class='ocrx_word' id='word_1_100' title='bbox 1077 2108 1083 2133; x_wconf 31' lang='lat' dir='ltr'>x</span> 
     </span>
     <span class='ocr_line' id='line_1_17' title="bbox 245 2253 1053 2340; baseline -0.002 -21"><span class='ocrx_word' id='word_1_101' title='bbox 245 2274 320 2325; x_wconf 88' lang='lat' dir='ltr'><strong>cum</strong></span> <span class='ocrx_word' id='word_1_102' title='bbox 347 2253 428 2318; x_wconf 86' lang='lat' dir='ltr'><strong>mihi</strong></span> <span class='ocrx_word' id='word_1_103' title='bbox 451 2255 574 2338; x_wconf 87' lang='lat' dir='ltr'><strong>aliquid</strong></span> <span class='ocrx_word' id='word_1_104' title='bbox 596 2255 653 2320; x_wconf 86' lang='lat' dir='ltr'><strong>illa</strong></span> <span class='ocrx_word' id='word_1_105' title='bbox 673 2256 809 2322; x_wconf 86' lang='lat' dir='ltr'><strong>debebat</strong></span> <span class='ocrx_word' id='word_1_106' title='bbox 828 2280 838 2335; x_wconf 90' lang='lat'>;</span> <span class='ocrx_word' id='word_1_107' title='bbox 868 2256 944 2340; x_wconf 92' lang='lat' dir='ltr'><strong>quid</strong></span> <span class='ocrx_word' id='word_1_108' title='bbox 963 2273 1053 2318; x_wconf 88' lang='lat' dir='ltr'><strong>nunc</strong></span> 
     </span>
    </p>
   </div>
   <div class='ocr_carea' id='block_1_4' title="bbox 116 2352 1105 3585">
    <p class='ocr_par' dir='ltr' id='par_1_4' title="bbox 130 2352 1051 2780">
     <span class='ocr_line' id='line_1_18' title="bbox 244 2352 1051 2452; baseline 0 -20"><span class='ocrx_word' id='word_1_109' title='bbox 244 2389 297 2433; x_wconf 89' lang='lat' dir='ltr'><strong>me</strong></span> <span class='ocrx_word' id='word_1_110' title='bbox 313 2370 420 2433; x_wconf 82' lang='lat' dir='ltr'><strong>facere</strong></span> <span class='ocrx_word' id='word_1_111' title='bbox 441 2373 595 2452; x_wconf 82' lang='lat' dir='ltr'><strong>oportet,</strong></span> <span class='ocrx_word' id='word_1_112' title='bbox 624 2388 699 2434; x_wconf 90' lang='lat' dir='ltr'><strong>cum</strong></span> <span class='ocrx_word' id='word_1_113' title='bbox 720 2389 781 2452; x_wconf 74' lang='lat' dir='ltr'><strong>ego</strong></span> <span class='ocrx_word' id='word_1_114' title='bbox 803 2368 852 2432; x_wconf 89' lang='lat' dir='ltr'><strong>illi</strong></span> <span class='ocrx_word' id='word_1_115' title='bbox 873 2352 1051 2451; x_wconf 84' lang='lat' dir='ltr'><strong>plurimum</strong></span> 
     </span>
     <span class='ocr_line' id='line_1_19' title="bbox 242 2458 1051 2565; baseline -0.004 -18"><span class='ocrx_word' id='word_1_116' title='bbox 242 2458 372 2547; x_wconf 75' lang='lat' dir='ltr'><strong>deben‘.2</strong></span> <span class='ocrx_word' id='word_1_117' title='bbox 393 2478 482 2543; x_wconf 87' lang='lat' dir='ltr'><strong>Nam</strong></span> <span class='ocrx_word' id='word_1_118' title='bbox 498 2480 578 2563; x_wconf 82' lang='lat' dir='ltr'><strong>quid</strong></span> <span class='ocrx_word' id='word_1_119' title='bbox 593 2478 658 2561; x_wconf 84' lang='lat' dir='ltr'><strong>est,</strong></span> <span class='ocrx_word' id='word_1_120' title='bbox 677 2482 763 2565; x_wconf 90' lang='lat' dir='ltr'><strong>quod</strong></span> <span class='ocrx_word' id='word_1_121' title='bbox 775 2481 920 2546; x_wconf 87' lang='lat' dir='ltr'><strong>animum</strong></span> <span class='ocrx_word' id='word_1_122' title='bbox 938 2499 1051 2544; x_wconf 86' lang='lat' dir='ltr'><strong>meum</strong></span> 
     </span>
     <span class='ocr_line' id='line_1_20' title="bbox 130 2587 1048 2682; baseline -0.009 -21"><span class='ocrx_word' id='word_1_123' title='bbox 130 2602 133 2607; x_wconf 85' lang='lat'>&#39;</span> <span class='ocrx_word' id='word_1_124' title='bbox 242 2597 392 2675; x_wconf 80' lang='lat' dir='ltr'><strong>frangere</strong></span> <span class='ocrx_word' id='word_1_125' title='bbox 416 2600 477 2682; x_wconf 80' lang='lat' dir='ltr'><strong>aut</strong></span> <span class='ocrx_word' id='word_1_126' title='bbox 502 2592 670 2658; x_wconf 89' lang='lat' dir='ltr'><strong>debilitare</strong></span> <span class='ocrx_word' id='word_1_127' title='bbox 687 2588 800 2676; x_wconf 84' lang='lat' dir='ltr'><strong>poffit,</strong></span> <span class='ocrx_word' id='word_1_128' title='bbox 829 2589 922 2674; x_wconf 81' lang='lat' dir='ltr'><strong>cujus</strong></span> <span class='ocrx_word' id='word_1_129' title='bbox 947 2587 1048 2672; x_wconf 85' lang='lat' dir='ltr'><strong>ipsam</strong></span> 
     </span>
     <span class='ocr_line' id='line_1_21' title="bbox 241 2700 1049 2780; baseline -0.005 -8"><span class='ocrx_word' id='word_1_130' title='bbox 241 2706 464 2772; x_wconf 84' lang='lat' dir='ltr'><strong>calamitatem</strong></span> <span class='ocrx_word' id='word_1_131' title='bbox 483 2726 549 2769; x_wconf 90' lang='lat' dir='ltr'><strong>non</strong></span> <span class='ocrx_word' id='word_1_132' title='bbox 571 2708 669 2772; x_wconf 89' lang='lat' dir='ltr'><strong>modo</strong></span> <span class='ocrx_word' id='word_1_133' title='bbox 694 2704 817 2769; x_wconf 75' lang='lat' dir='ltr'><strong>nullius</strong></span> <span class='ocrx_word' id='word_1_134' title='bbox 835 2700 965 2780; x_wconf 75' lang='lat' dir='ltr'><strong>delisti,</strong></span> <span class='ocrx_word' id='word_1_135' title='bbox 994 2703 1049 2768; x_wconf 89' lang='lat' dir='ltr'><strong>sed</strong></span> 
     </span>
    </p>

    <p class='ocr_par' dir='ltr' id='par_1_5' title="bbox 116 2798 1105 3585">
     <span class='ocr_line' id='line_1_22' title="bbox 116 2798 1105 2900; baseline -0.008 -12"><span class='ocrx_word' id='word_1_136' title='bbox 116 2846 121 2879; x_wconf 72' lang='lat' dir='ltr'><strong>z</strong></span> <span class='ocrx_word' id='word_1_137' title='bbox 242 2820 342 2887; x_wconf 80' lang='lat' dir='ltr'><strong>etiarn</strong></span> <span class='ocrx_word' id='word_1_138' title='bbox 364 2818 549 2884; x_wconf 83' lang='lat' dir='ltr'><strong>divinorum</strong></span> <span class='ocrx_word' id='word_1_139' title='bbox 570 2820 605 2883; x_wconf 93' lang='lat' dir='ltr'><strong>in</strong></span> <span class='ocrx_word' id='word_1_140' title='bbox 623 2816 850 2900; x_wconf 83' lang='lat' dir='ltr'><strong>rempublicam</strong></span> <span class='ocrx_word' id='word_1_141' title='bbox 873 2798 1049 2881; x_wconf 81' lang='lat' dir='ltr'><strong>beneficio·</strong></span> <span class='ocrx_word' id='word_1_142' title='bbox 1103 2844 1105 2851; x_wconf 95' lang='lat'>·</span> 
     </span>
     <span class='ocr_line' id='line_1_23' title="bbox 241 2927 1049 3013; baseline -0.005 -16"><span class='ocrx_word' id='word_1_143' title='bbox 241 2934 319 2997; x_wconf 83' lang='lat' dir='ltr'><strong>rum</strong></span> <span class='ocrx_word' id='word_1_144' title='bbox 333 2931 446 2997; x_wconf 88' lang='lat' dir='ltr'><strong>testem</strong></span> <span class='ocrx_word' id='word_1_145' title='bbox 462 2930 524 2997; x_wconf 83' lang='lat' dir='ltr'><strong>effe</strong></span> <span class='ocrx_word' id='word_1_146' title='bbox 538 2929 704 3000; x_wconf 70' lang='lat' dir='ltr'><strong>videatis?</strong></span> <span class='ocrx_word' id='word_1_147' title='bbox 732 2948 807 2994; x_wconf 88' lang='lat' dir='ltr'><strong>nam</strong></span> <span class='ocrx_word' id='word_1_148' title='bbox 826 2927 861 2995; x_wconf 78' lang='lat' dir='ltr'><strong>dr</strong></span> <span class='ocrx_word' id='word_1_149' title='bbox 877 2929 1049 3013; x_wconf 69' lang='lat' dir='ltr'><strong>importat·</strong></span> 
     </span>
     <span class='ocr_line' id='line_1_24' title="bbox 241 3041 1049 3128; baseline -0.006 -18"><span class='ocrx_word' id='word_1_150' title='bbox 241 3044 305 3122; x_wconf 85' lang='lat' dir='ltr'><strong>est,</strong></span> <span class='ocrx_word' id='word_1_151' title='bbox 328 3045 406 3128; x_wconf 86' lang='lat' dir='ltr'><strong>quia</strong></span> <span class='ocrx_word' id='word_1_152' title='bbox 418 3046 625 3110; x_wconf 82' lang='lat' dir='ltr'><strong>defenderam</strong></span> <span class='ocrx_word' id='word_1_153' title='bbox 637 3045 825 3122; x_wconf 68' lang='lat' dir='ltr'><strong>civitatem</strong></span> <span class='ocrx_word' id='word_1_154' title='bbox 846 3041 882 3109; x_wconf 77' lang='lat' dir='ltr'><strong>dc</strong></span> <span class='ocrx_word' id='word_1_155' title='bbox 901 3063 973 3107; x_wconf 85' lang='lat' dir='ltr'><strong>mea</strong></span> <span class='ocrx_word' id='word_1_156' title='bbox 989 3062 1049 3106; x_wconf 89' lang='lat' dir='ltr'><strong>vo-</strong></span> 
     </span>
     <span class='ocr_line' id='line_1_25' title="bbox 234 3155 1048 3240; baseline -0.006 -17"><span class='ocrx_word' id='word_1_157' title='bbox 234 3159 365 3223; x_wconf 74' lang='lat' dir='ltr'><strong>luntate</strong></span> <span class='ocrx_word' id='word_1_158' title='bbox 386 3159 524 3240; x_wconf 88' lang='lat' dir='ltr'><strong>suscepta</strong></span> <span class='ocrx_word' id='word_1_159' title='bbox 545 3158 616 3236; x_wconf 83' lang='lat' dir='ltr'><strong>est,</strong></span> <span class='ocrx_word' id='word_1_160' title='bbox 641 3179 682 3223; x_wconf 88' lang='lat' dir='ltr'><strong>ne</strong></span> <span class='ocrx_word' id='word_1_161' title='bbox 706 3176 726 3220; x_wconf 88' lang='lat' dir='ltr'><strong>a</strong></span> <span class='ocrx_word' id='word_1_162' title='bbox 747 3177 801 3220; x_wconf 88' lang='lat' dir='ltr'><strong>me</strong></span> <span class='ocrx_word' id='word_1_163' title='bbox 828 3155 955 3223; x_wconf 80' lang='lat' dir='ltr'><strong>defensa</strong></span> <span class='ocrx_word' id='word_1_164' title='bbox 979 3176 1048 3219; x_wconf 81' lang='lat' dir='ltr'><strong>rer-</strong></span> 
     </span>
     <span class='ocr_line' id='line_1_26' title="bbox 241 3267 1049 3356; baseline -0.011 -18"><span class='ocrx_word' id='word_1_165' title='bbox 241 3274 370 3356; x_wconf 88' lang='lat' dir='ltr'><strong>publica</strong></span> <span class='ocrx_word' id='word_1_166' title='bbox 385 3290 442 3356; x_wconf 89' lang='lat' dir='ltr'><strong>per</strong></span> <span class='ocrx_word' id='word_1_167' title='bbox 460 3272 602 3337; x_wconf 85' lang='lat' dir='ltr'><strong>eundem</strong></span> <span class='ocrx_word' id='word_1_168' title='bbox 617 3292 670 3335; x_wconf 87' lang='lat' dir='ltr'><strong>me</strong></span> <span class='ocrx_word' id='word_1_169' title='bbox 688 3277 868 3336; x_wconf 86' lang='lat' dir='ltr'><strong>extremum</strong></span> <span class='ocrx_word' id='word_1_170' title='bbox 885 3270 920 3331; x_wconf 89' lang='lat' dir='ltr'><strong>in</strong></span> <span class='ocrx_word' id='word_1_171' title='bbox 940 3267 1049 3332; x_wconf 85' lang='lat' dir='ltr'><strong>discri-</strong></span> 
     </span>
     <span class='ocr_line' id='line_1_27' title="bbox 194 3380 1048 3466; baseline -0.013 -12"><span class='ocrx_word' id='word_1_172' title='bbox 194 3399 229 3457; x_wconf 72' lang='lat' dir='ltr'><strong>a?</strong></span> <span class='ocrx_word' id='word_1_173' title='bbox 243 3407 318 3452; x_wconf 83' lang='lat' dir='ltr'><strong>rnen</strong></span> <span class='ocrx_word' id='word_1_174' title='bbox 336 3392 516 3452; x_wconf 88' lang='lat' dir='ltr'><strong>vocaretur.</strong></span> <span class='ocrx_word' id='word_1_175' title='bbox 563 3383 624 3448; x_wconf 87' lang='lat' dir='ltr'><strong>Pro</strong></span> <span class='ocrx_word' id='word_1_176' title='bbox 639 3405 691 3449; x_wconf 88' lang='lat' dir='ltr'><strong>me</strong></span> <span class='ocrx_word' id='word_1_177' title='bbox 709 3380 794 3459; x_wconf 85' lang='lat' dir='ltr'><strong>non,</strong></span> <span class='ocrx_word' id='word_1_178' title='bbox 809 3391 847 3446; x_wconf 92' lang='lat' dir='ltr'><strong>ut</strong></span> <span class='ocrx_word' id='word_1_179' title='bbox 862 3402 919 3466; x_wconf 89' lang='lat' dir='ltr'><strong>pro</strong></span> <span class='ocrx_word' id='word_1_180' title='bbox 936 3382 970 3445; x_wconf 89' lang='lat' dir='ltr'><strong>P.</strong></span> <span class='ocrx_word' id='word_1_181' title='bbox 984 3380 1048 3446; x_wconf 89' lang='lat' dir='ltr'><strong>Po·</strong></span> 
     </span>
     <span class='ocr_line' id='line_1_28' title="bbox 202 3492 1048 3585; baseline -0.011 -20"><span class='ocrx_word' id='word_1_182' title='bbox 202 3551 204 3556; x_wconf 90' lang='lat'><em>.</em></span> <span class='ocrx_word' id='word_1_183' title='bbox 235 3500 331 3585; x_wconf 85' lang='lat' dir='ltr'><strong>&#39;pillio</strong></span> <span class='ocrx_word' id='word_1_184' title='bbox 340 3545 352 3581; x_wconf 89' lang='lat'><strong>,</strong></span> <span class='ocrx_word' id='word_1_185' title='bbox 374 3494 564 3568; x_wconf 82' lang='lat' dir='ltr'><strong>nobilisfimo</strong></span> <span class='ocrx_word' id='word_1_186' title='bbox 583 3497 733 3577; x_wconf 88' lang='lat' dir='ltr'><strong>homine,</strong></span> <span class='ocrx_word' id='word_1_187' title='bbox 746 3495 961 3563; x_wconf 77' lang='lat' dir='ltr'><strong>adolescentes</strong></span> <span class='ocrx_word' id='word_1_188' title='bbox 975 3492 1048 3570; x_wconf 83' lang='lat' dir='ltr'><strong>filii,</strong></span> 
     </span>
    </p>
   </div>
   <div class='ocr_carea' id='block_1_5' title="bbox 0 0 1196 4134">
    <p class='ocr_par' dir='ltr' id='par_1_6' title="bbox 0 0 1196 4134">
     <span class='ocr_line' id='line_1_29' title="bbox 0 0 1196 4134; baseline 0 5"><span class='ocrx_word' id='word_1_189' title='bbox 0 0 1196 4134; x_wconf 95' lang='lat' dir='ltr'><strong> </strong></span> 
     </span>
    </p>
   </div>
  </div>
 </body>
</html>
