2384 4134
273 369 317 454 9⁶
537 360 819 434 ORATIO

230 541 336 615 ansel
352 539 423 608 haee
441 538 481 608 ie
497 542 664 626 auspiciis,
680 520 753 625 qua}
771 555 832 624 ego
847 551 938 606 nouo
952 536 1084 628 perlue·

273 658 359 722 alter
374 657 518 739 attingo,
535 654 608 720 asta
625 657 733 719 sunta
750 663 794 719 te.
819 664 874 733 tu,
891 663 953 719 tuo
969 658 1084 740 praecl·

269 773 395 856 pitante
411 770 497 852 jam,
521 766 742 834 &debilitato
762 762 954 846 tribunatu,
980 768 1084 855 auspi·

270 882 397 948 ciorum
417 891 573 965 patronus
595 880 697 945 subito
717 875 881 946 exstitlstla
903 889 942 946 tu
958 886 1014 995 4M⁰
1030 882 1082 951 Bl·

268 999 384 1063 bululn
401 992 435 1058 ln
449 996 636 1060 concionem
645 1040 655 1072 ,
673 1005 711 1060 tu
727 1008 865 1077 augures
878 997 1079 1078 produxlstli

269 1122 302 1175 te
313 1113 533 1191 interrogante
543 1122 686 1191 augures
698 1107 938 1195 responderunt,
946 1122 1027 1175 cum
1039 1088 1076 1177 da

269 1225 354 1288 coelo
367 1223 526 1287 seruatum
537 1214 585 1299 liu,
598 1236 673 1284 cum
686 1222 808 1305 populo
823 1220 876 1304 agl
890 1236 957 1285 nou
971 1222 1077 1305 possea

267 1336 326 1401 tibl
339 1333 524 1400 lll.lllbulua
539 1334 713 1419 quaerenti,
731 1325 763 1398 le
778 1333 818 1398 de
830 1332 914 1397 coelo
929 1329 1078 1417 serualle,

266 1446 445 1534 respondit:
467 1449 619 1533 idemque
631 1445 665 1510 ln
678 1444 834 1512 concione
844 1447 943 1526 dixit,
955 1449 998 1514 ab
1009 1453 1078 1535 Ap·

267 1566 339 1648 pio,
355 1558 456 1629 fratre
471 1572 547 1639 tuo,
564 1557 762 1645 productus,
776 1568 810 1624 te
823 1556 974 1639 omuino,
986 1560 1079 1649 quod
1110 1620 1112 1625 .

267 1690 378 1741 contra
390 1674 530 1758 ausplcla
542 1675 713 1758 adoptatus
724 1669 814 1751 effac,
824 1672 996 1739 tribunum
1006 1678 1076 1759 ple·

266 1791 317 1858 bia
335 1811 399 1854 uon
415 1784 531 1855 fulffea
560 1794 620 1850 lua
639 1786 777 1869 denique
789 1780 894 1850 omnis
908 1785 1002 1852 afflo
1014 1804 1075 1875 po·

267 1888 452 1968 llerlori'bus
465 1896 625 1964 mensibus
637 1896 718 1963 fulta
731 1898 858 1977 omnia,
868 1914 944 1982 quae
956 1902 992 1967 C.
1004 1904 1077 1968 Cae·

262 2012 312 2080 sar
330 2011 439 2098 egillet
448 2060 458 2092 ,
482 2026 558 2099 quae
575 2019 687 2076 contra
705 2004 845 2095 auspicia
860 2006 962 2078 esseut
979 1998 1073 2096 asta,

263 2143 322 2214 pec
334 2126 478 2192 senatum
493 2121 628 2193 resclndl
646 2133 793 2208 oportere
803 2133 821 2203 ς’
831 2124 952 2211 quodfi
963 2118 1083 2209 fleret(

264 2238 412 2318 dlcebaa,
434 2250 471 2305 te
485 2235 553 2305 tola
570 2239 714 2304 humeris
732 2254 784 2303 me
799 2238 961 2304 custodem
976 2242 1071 2307 urbla

261 2357 295 2420 lu
313 2358 424 2420 urbem
440 2354 633 2418 relaturum·
667 2351 784 2419 Videte
798 2347 939 2417 hominis
955 2370 1071 2420 amen·

262 2468 361 2546 tiam,
376 2468 433 2531 ubi
451 2483 508 2550 per
523 2460 613 2529 fuum
626 2462 825 2530 tribunatum
834 2459 969 2531 cesaris
985 2466 1070 2535 astla

219 2594 252 2656 41
263 2580 409 2663 llllgatus
421 2586 601 2643 teneretur.
623 2570 658 2642 Sl
676 2576 710 2643 ἃ
727 2556 886 2642 saccorum
898 2577 970 2662 jure
985 2592 1069 2664 pon.-

260 2694 384 2770 tillces,
408 2690 443 2756 δι
461 2689 674 2776 auspiciorum
688 2692 843 2775 religione
858 2706 1000 2774 augures
1015 2688 1074 2761 tut

260 2819 332 2873 cum
349 2812 498 2872 auertunt
512 2804 713 2870 tribunatum
724 2811 836 2882 tuum,
853 2805 929 2888 quid
943 2808 1067 2890 quaeria

262 2922 427 3004 amplius?
455 2933 496 2982 an
513 2914 612 2982 etlam
630 2915 771 3002 apertius
788 2919 920 3001 allquod
933 2919 988 3000 J'us
1006 2941 1069 3006 po·

198 3029 331 3122 16pull
351 3042 449 3117 alque
467 3029 603 3116 legum?
634 3026 724 3096 Hora
742 3028 870 3096 lortaffe
891 3028 979 3096 sexta
1000 3030 1067 3101 ciel

263 3147 391 3236 questus
412 3147 482 3210 sum
503 3142 535 3208 ln
550 3141 690 3227 judlclo,
713 3158 790 3235 cum
807 3140 844 3209 C.
861 3138 1065 3227 Antonium,

162 3280 164 3289 ¹
258 3263 417 3344 collegam
442 3272 579 3334 meum,
601 3257 826 3335 defenderem,
849 3259 998 3340 quaedaru
1023 3263 1065 3326 da

260 3375 443 3459 republica,
459 3382 531 3454 quae
544 3367 624 3435 mlhl
637 3368 701 3434 alla
716 3371 788 3436 suut
803 3372 843 3435 ad
858 3367 947 3435 llllus
957 3368 1065 3440 mlserl

260 3484 386 3554 causam
401 3480 573 3569 pertinere.
603 3480 685 3550 Hace
700 3478 848 3553 homines
863 3480 1005 3569 improbl
1022 3486 1064 3555 ad

860 3598 1020 3684 quondan
