2384 4134
278 367 322 452 ψ
504 367 817 437 ‚onnrro

279 553 340 606 nec
354 560 477 626 quaero,
485 542 627 607 fueritne
644 544 766 629 aliquid
781 543 1083 627 pertimescendum.

261 663 383 739 puto,
404 656 461 720 suo
484 644 647 739 quemque
668 658 826 733 arbitratu
847 658 964 723 timere
985 677 1084 743 opor-

278 777 362 833 tere.
392 770 459 834 Cur
473 788 533 851 ego
546 788 613 832 non
629 768 811 846 timuerim,
834 771 980 854 queris?
1004 771 1084 853 quia

280 894 315 946 te
337 882 426 946 illinc
456 880 564 946 abiiiie
584 881 758 974 construat.
803 885 891 960 Cur,
920 904 995 946 curn
1021 885 1084 949 viri

280 996 357 1062 boni
368 994 515 1059 nonnulli
528 994 691 1078 putarint,
712 1001 784 1058 tuto
800 996 830 1060 se
846 995 880 1059 in
895 996 1005 1060 senatu
1022 996 1085 1061 eise

279 1128 346 1172 non
355 1106 459 1192 poise,
473 1128 533 1191 ego
546 1126 611 1172 non
621 1109 708 1172 idem
723 1102 895 1172 senserim?
916 1111 995 1185 Cur,
1009 1127 1085 1177 cum

281 1242 342 1304 ego
356 1241 409 1287 me
423 1219 644 1287 existimuffem
660 1227 733 1285 tuto
753 1223 883 1286 omnino
901 1223 934 1285 in
952 1222 1086 1288 civitate

279 1333 345 1399 effe
363 1352 429 1399 non
440 1333 543 1418 poiie,
563 1334 643 1399 illuc
656 1333 766 1399 irem?
784 1349 829 1404 ,en
846 1336 918 1399 aliis
934 1337 1030 1413 iicet,
1049 1333 1086 1400 ὅ(

278 1445 372 1533 reite
388 1449 486 1525 licet,
507 1447 541 1512 in
562 1467 636 1513 meo
657 1456 749 1513 metu
766 1445 823 1514 fibi
841 1449 922 1513 nihii
944 1449 1086 1526 timere;

284 1563 364 1627 mihi
380 1562 438 1632 uni
448 1559 569 1627 neceffe
587 1561 651 1626 erit
664 1560 700 1627 δι
710 1580 817 1627 meam
834 1561 869 1627 δι
883 1562 1022 1627 aliorum
1036 1561 1088 1628 vi·

262 1738 264 1742 ,
283 1697 355 1741 cern
370 1672 622 1759 pertimescere?

257 1804 275 1860 9
348 1789 419 1864 An,
442 1786 517 1870 qula
529 1805 594 1849 non
610 1785 821 1850 condemnavi
836 1785 991 1851 sententia
1011 1806 1089 1854 meu

280 1904 347 1968 duo
362 1897 523 1974 consuler,
539 1897 609 1962 ium
622 1899 931 1980 reprehendendus?
951 1919 1008 1962 eos
1022 1901 1088 1983 igi·

178 2033 181 2046 ·
281 2022 411 2095 turego
428 2007 626 2094 pntiffimum
639 2011 792 2075 damnare
807 2010 921 2089 debui,
943 2031 1087 2094 quorum

269 2109 353 2210 'iege
368 2108 549 2210 perfeitum
564 2123 671 2202 est,ne
688 2144 749 2207 ego
760 2124 974 2203 indemnatus,
984 2136 1087 2208 atque

282 2241 407 2325 optime
427 2240 468 2304 de
492 2238 656 2322 republica
680 2237 837 2316 meritus,
859 2241 1087 2303 damnatorum

282 2373 414 2441 poenam
432 2349 648 2417 sustinerem?
673 2368 813 2433 quorum
833 2352 932 2417 etiam
944 2351 1086 2431 delita,

281 2476 416 2554 propter
437 2485 552 2530 eorum
570 2463 733 2548 egregitur
749 2464 783 2529 in
799 2484 853 2529 me
867 2465 1086 2531 conservando

282 2581 509 2656 voluntatem,
530 2597 596 2642 non
614 2579 711 2644 modo
729 2596 804 2654 me,
825 2576 878 2641 sed
895 2597 1006 2641 omnes
1024 2580 1086 2643 bo·

282 2713 343 2759 nos
363 2694 449 2760 ferre
466 2699 650 2776 oporteret,
671 2709 785 2756 eorum
802 2690 961 2773 optimum
982 2690 1088 2757 confi·

281 2809 364 2873 lium
379 2827 440 2890 ego
453 2802 668 2890 potiffimum,
688 2822 819 2887 perenn
841 2804 875 2868 in
893 2823 999 2867 meam
1018 2805 1087 2887 pri-

282 2921 395 2988 stinam
414 2919 605 3000 dignitatem
623 2915 813 2995 restitutum,
841 2914 969 2980 cortilio
988 2934 1087 3000 repu-

244 3033 406 3098 rodiaren
423 3030 519 3097 meo?
532 3031 579 3096 At
595 3049 692 3116 quum
704 3030 892 3097 sententiam
910 3028 1002 3095 dini?
1019 3032 1090 3094 Pri-⁴

282 3166 376 3236 mum
399 3163 497 3224 eum,
526 3162 624 3229 quam
646 3144 759 3228 populi
784 3144 885 3208 sermo
909 3145 943 3207 in
968 3144 1086 3208 animis

281 3259 396 3326 nostris
408 3258 475 3342 jum
487 3264 562 3323 ante
576 3250 752 3323 defixerntt
775 3258 889 3323 deinde
905 3275 996 3334 eam,
1012 3275 1086 3340 quae

280 3381 353 3440 erat
375 3369 590 3458 superioribus
615 3370 728 3436 diebus
749 3355 872 3455 egiteta
893 3370 927 3433 in
950 3369 1086 3434 senatu:

279 3487 396 3556 deinde
419 3503 509 3583 epm,
530 3502 630 3571 quam
645 3482 774 3553 senetur
795 3485 966 3569 frequent,
989 3489 1086 3561 tum,
