2384 4134
212 436 299 505 PRO
323 432 450 503 DOMO
474 427 560 500 SVA
581 430 644 499 AD
666 428 840 499 PONTIF.
865 451 927 501 ιιι

95 652 98 657 -
127 586 240 680 inanes
263 611 401 676 faciebat
418 609 570 693 impetus.
603 625 731 672 omnem
754 608 839 672 enim
861 605 927 671 vim

129 729 274 792 omnium
289 725 511 799 sceleratorum
523 721 679 785 acerbitas
694 723 757 785 mei
769 723 857 783 casus
870 741 927 784 ex·=

130 849 270 923 ceperat.
294 837 369 902 Non
393 846 462 900 erat
486 836 608 899 iotam
631 834 764 898 immani
787 835 928 916 injuria,

130 953 294 1035 tantisque
311 951 411 1014 ruiuia
427 968 520 1014 uovae
541 949 722 1023 crudelitati
739 948 843 1012 locus.
868 951 924 1013 Ca·
936 970 970 1032 ⁶5

131 1075 167 1130 to
185 1069 294 1132 fuerat
311 1050 487 1148 proximus*⁴
511 1063 588 1147 quid
602 1062 739 1145 ageres?
762 1082 825 1126 non
841 1072 929 1138 erat,

131 1190 172 1244 ut
187 1179 242 1263 qui
258 1181 371 1243 modus
386 1176 530 1245 moribus
545 1177 670 1252 iuerat,
685 1165 769 1251 idem
788 1175 864 1238 esset
879 1173 931 1238 in-

130 1292 236 1378 juriae.
268 1291 377 1375 quid‘?
399 1288 501 1373 poffes
523 1291 693 1354 extrudere
717 1291 757 1353 ad
776 1291 931 1375 Cypriam

131 1406 316 1491 pecuniam.
346 1405 455 1487 praeda
474 1403 616 1486 perierit.
646 1404 708 1466 alia
726 1423 789 1467 non
807 1403 931 1467 deeritt

131 1521 219 1587 hunc
233 1520 330 1584 modo
346 1516 581 1581 amandandum
603 1514 677 1579 effe.
711 1514 763 1578 Sic
781 1517 822 1578 Μ.
839 1518 931 1593 Cato,

85 1696 90 1715 ‚
132 1629 271 1710 invisus,
286 1628 372 1714 quati
389 1649 446 1712 per
458 1627 669 1704 beneficium,
691 1631 834 1712 Cyprum
851 1629 934 1692 rele-

134 1755 241 1830 gatur.
274 1743 456 1825 Ejiciuntur
468 1743 553 1819 duo,
576 1762 658 1825 quoa
675 1742 810 1826 improbi
826 1743 934 1807 videre

133 1862 200 1929 riou
224 1867 403 1944 poterant3
432 1856 513 1920 aiter
535 1875 593 1939 per
615 1856 768 1921 honorem
792 1852 936 1940 turpiffi·

133 1992 241 2050 mum3
265 1972 346 2036 alter
365 1990 420 2052 per
437 1966 679 2034 honestiffimam
697 1971 933 2036 calamitatem.

135 2083 270 2168 Atque,
300 2096 337 2146 ut
361 2082 490 2158 sciatis,
516 2103 581 2146 non
606 2084 791 2147 homiuibus
817 2085 978 2162 muman

134 2198 189 2269 sed
205 2195 376 2261 virtutibus
397 2173 516 2257 hostem
531 2196 651 2276 semper
671 2195 761 2259 fuiffe
777 2219 786 2272 3
810 2219 933 2273 meex-

135 2310 245 2396 pulso,
269 2311 392 2374 Catone
415 2311 605 2380 amandato,
627 2309 660 2369 in
683 2329 759 2370 eum
781 2311 879 2390 ipsum
901 2311 934 2374 se

136 2422 323 2496 convertit,
346 2440 411 2503 quo
434 2417 587 2495 auitum,
618 2440 680 2501 quo
705 2422 876 2501 adjutore,
900 2424 935 2486 iu
962 2463 965 2466 -

136 2534 367 2612 concionibus,
380 2554 436 2610 ea,
450 2552 523 2615 quae
541 2536 688 2614 gerebat,
703 2535 828 2609 omnia,
845 2555 936 2617 quae·

98 2624 102 2634 ι
136 2669 202 2736 que
214 2648 363 2733 gesserat,
375 2649 405 2710 se
421 2644 527 2711 feciffe
543 2646 573 2710 u
591 2647 697 2711 facere
713 2648 851 2714 dicebat.
875 2649 935 2715 Cu.

136 2763 351 2846 Pompeium,
384 2780 479 2844 quem
509 2760 653 2824 omnium
684 2761 804 2842 judicio
840 2765 935 2845 longe

136 2877 315 2962 principem
334 2874 396 2937 eise
416 2874 554 2938 civitatis
573 2873 719 2952 videbat,
742 2876 865 2940 diutius
882 2877 936 2942 fu·

137 2990 204 3057 rori
225 2989 279 3052 suo
304 2985 430 3052 veniam
449 2991 599 3051 daturum
625 3009 689 3051 non
709 2990 937 3057 arbitrabatur.

138 3104 195 3187 qui
208 3098 326 3184 exejus
339 3100 499 3177 custodia,
514 3118 571 3183 per
582 3100 728 3177 infidias,
743 3106 827 3184 regis
841 3107 940 3170 amici

137 3212 242 3282 filium
255 3261 265 3294 ,
288 3213 429 3291 hostem,
452 3215 639 3297 captIvum,
665 3215 879 3299 surripuisset,
904 3218 939 3282 δι

138 3348 179 3395 ea
194 3327 313 3411 injuria
329 3329 431 3392 virum
453 3326 653 3392 fortiffimum
670 3329 849 3394 laceiiriiet:
871 3331 941 3413 spe·

138 3445 223 3508 ravit
235 3443 347 3507 iisdem
358 3441 388 3507 se
396 3441 496 3524 copiis
508 3462 580 3505 cum
593 3443 649 3505 ilio
661 3443 745 3525 posse
756 3442 941 3524 confligere,

139 3557 337 3640 quibuscum
350 3577 411 3640 ego
423 3553 603 3635 noluissem,
613 3558 771 3623 bonorum
782 3557 941 3641 periculo,
