2384 4134
270 536 331 619 ῥα
528 530 810 603 οκΑτῐο

269 710 393 795 poteris,
415 710 455 774 de
474 708 703 787 histrionibus,
726 711 767 775 de
794 711 881 777 ludia
900 711 937 775 in
956 710 1066 795 judicio

209 820 394 927 56loquar.
419 824 572 889 Nonium
587 832 655 889 tam
670 825 820 907 ignarua,
835 824 983 907 judicer,
999 846 1069 889 eau-

269 940 393 1015 sarum,
409 960 473 1001 non
490 950 557 1001 tam
569 937 705 1001 insolens
719 938 918 1016 indicendo,
934 950 972 1004 ut
984 939 1066 1003 omni

267 1076 307 1119 ex
324 1074 440 1135 genere
454 1052 631 1115 oratinnern
647 1070 807 1135 aucuper,
830 1050 867 1117 dt
879 1052 996 1119 ¹numen
1010 1072 1066 1117 un·

269 1170 365 1249 dique
380 1166 527 1229 tlnirulns
546 1184 675 1249 carpam
688 1174 786 1249 atque
804 1166 957 1231 delibem.
990 1167 1063 1243 scin,

268 1282 346 1365 quid
368 1280 507 1361 gravitas
532 1277 653 1355 vestra,
681 1279 761 1361 quid
785 1280 857 1343 haee
880 1280 1064 1356 advocatio,

268 1396 344 1477 quid
361 1394 415 1457 ille
436 1402 633 1465 conventus,
656 1392 734 1475 quid
748 1392 888 1473 dignitas
903 1392 938 1457 P.
948 1390 1062 1468 Sextii,

267 1510 343 1591 quid
365 1506 500 1589 periculi
524 1504 737 1587 magnitudo,
759 1505 840 1588 quid
862 1514 968 1585 aetaa,
989 1506 1064 1591 quid

266 1624 368 1687 honos
382 1640 474 1683 meus
490 1618 635 1703 pullulet.
658 1616 720 1683 Sed
737 1618 816 1681 mihi
835 1618 927 1683 surnfi
942 1620 1006 1685 hoc
1018 1620 1063 1685 ln·

265 1758 303 1799 co
321 1732 498 1797 dotlrinam
512 1736 674 1817 quandam
688 1731 855 1815 juventuti
864 1777 875 1809 ,
898 1735 959 1817 qui
971 1732 1064 1799 effent

264 1850 448 1931 optimates.
473 1848 505 1909 in
523 1867 561 1911 ea
578 1846 766 1930 explicanda
781 1846 1061 1913 demonstrandum

263 1962 325 2037 eri,
349 1982 413 2025 non
428 1959 489 2025 elle
505 1962 675 2043 populares
693 1978 804 2023 omnes
825 1980 900 2035 ene,
925 1962 985 2044 qni
1005 1980 1063 2045 pu·

261 2089 386 2139 tentur.
430 2076 468 2137 ld
487 2073 638 2138 facillime
659 2070 856 2154 consequar,
878 2069 902 2136 fi
928 2071 1061 2139 univerfi

261 2188 368 2267 popuii
383 2187 540 2269 judicium
561 2206 674 2251 verum
689 2184 722 2251 dt
736 2185 988 2268 incorruptum,
1010 2187 1063 2263 dt,

200 2330 212 2377 1
217 2300 284 2376 „u
302 2302 434 2363 intimos
450 2301 555 2365 sensus
574 2300 716 2365 civitatis
735 2298 930 2383 expreffero.
977 2302 1062 2379 Quid

260 2417 325 2481 luit
338 2416 436 2489 illud,
459 2415 564 2499 quod,
586 2414 708 2477 recenti
723 2412 839 2475 nuntio
852 2415 894 2477 de
907 2416 963 2477 illo
979 2416 1062 2480 sena·

262 2528 483 2603 tusconsulto,
506 2528 592 2610 quod
609 2524 730 2591 fastum
747 2525 839 2589 elliu
856 2527 1061 2613 templuVir·

261 2648 362 2716 tuiis.
385 2644 426 2707 ad
442 2642 533 2706 ludos
551 2640 739 2723 scenamque
753 2640 894 2722 perlato,
919 2641 1059 2708 consellu

263 2762 425 2833 maximo,
438 2756 580 2819 summus
595 2754 727 2825 artilex,
741 2751 776 2818 dt
786 2754 973 2821 mehercule
985 2756 1060 2822 sem·

264 2898 322 2964 per
337 2873 476 2958 partium
489 2871 523 2933 in
538 2868 718 2952 republica,
731 2875 895 2951 umquam
908 2868 945 2933 iu
963 2869 1059 2947 scena,

265 2994 479 3078 optimarum,
493 2984 594 3059 flens,
611 2980 646 3047 ἀ
662 2980 783 3045 recenti
800 2980 936 3059 latitia,
955 2982 990 3050 dr
1003 2984 1061 3049 mi·

267 3111 314 3175 sto
329 3108 439 3173 dolore
453 3121 491 3166 ac
507 3095 659 3165 defiderin
672 3094 756 3168 nuel,
770 3092 836 3175 egit
853 3104 967 3176 aperte
981 3098 1060 3162 nul.

267 3234 304 3291 to
323 3216 521 3307 gravioribus
541 3210 647 3275 verbis
667 3225 772 3270 meam
798 3206 945 3285 eausam,
967 3230 1060 3294 quam

270 3346 399 3426 egomet
412 3336 452 3399 de
465 3351 517 3393 me
531 3345 625 3409 agere
635 3316 826 3406 potuillenal
837 3314 965 3385 Summi
981 3325 1061 3388 enin

269 3463 375 3540 pn'e'tae
388 3444 549 3533 ingenium
560 3459 625 3503 nnn
635 3436 734 3499 lnlum
744 3440 811 3495 arte
826 3430 955 3508 sua‚sed
966 3438 1063 3501 etiam

263 3578 385 3647 dolore
410 3557 629 3654 exptlmebat.
677 3543 763 3632 Quid
782 3538 887 3603 enimi
924 3545 980 3619 qui
997 3562 1076 3601 rera-

250 3702 425 3773 publicam
464 3687 555 3753 certo
593 3668 703 3739 urimo
734 3646 919 3733 ndjuuerit,
942 3645 1093 3722 putante,
