2384 4134
349 365 392 430 μ
611 339 896 410 orrr1o

347 519 407 604 qui
423 535 480 601 per
494 514 728 582 fimulationem
744 516 921 597 amicitiae,
945 522 1107 609 nefarie}

347 634 517 696 dicerunt:
541 632 696 709 tertium,
718 632 793 715 qui,
815 651 894 696 eum
917 646 1070 720 propter
1087 638 1107 702 ir

347 745 427 808 tiam
449 745 537 809 suam
554 749 667 810 eadem
684 743 803 827 affequi
820 765 886 809 non
907 747 1068 831 pollent,
1090 751 1107 815 ir

348 860 466 922 derunt
493 860 582 923 laudi
609 860 642 923 dr
664 859 814 940 dignitati
837 879 956 925 meae:
990 876 1107 947 quarto

349 975 426 1054 qui,
450 993 524 1036 cum
542 973 686 1036 custodes
701 970 886 1054 reipublice
903 972 974 1039 effe
994 979 1107 1045 deber<

346 1084 622 1163 salutemmeam,
646 1085 760 1163 statum
777 1085 944 1164 civitatis,
969 1091 1107 1175 digniter

348 1194 419 1276 ejus
444 1200 590 1280 imperii,
613 1200 700 1283 quod
721 1208 790 1263 erat
817 1219 918 1283 penes
948 1203 1069 1286 ipsos,
1092 1230 1107 1272 v

346 1310 516 1373 diderunt:
541 1310 581 1373 irc
596 1314 728 1376 ulciscar
745 1333 864 1396 genera
880 1310 1038 1397 singula,
1056 1341 1107 1404 qui

346 1424 520 1488 admodum
539 1444 557 1487 a
572 1427 752 1510 quibusque
767 1426 833 1488 sum
848 1444 1083 1514 provocatum
1098 1456 1107 1499 r

343 1535 395 1600 los
411 1542 516 1614 cives,
540 1542 765 1624 rempublicam
785 1543 865 1604 bene
882 1548 1039 1633 gerendo
1054 1572 1066 1628 ς
1094 1570 1107 1633 q

342 1649 427 1714 fidos
450 1655 587 1732 amicos,
611 1656 691 1719 nihil
712 1657 891 1731 credendo,
916 1669 1026 1745 atque
1054 1686 1107 1729 om

343 1774 514 1848 cavendo;
544 1774 698 1850 invidos,
728 1772 840 1835 virtuti
875 1770 910 1836 dt
947 1778 1072 1857 gloriae
1099 1781 1107 1842 l

342 1885 480 1961 viendo;
504 1897 699 1951 mercatores
714 1885 976 1970 provinciarum,
1000 1913 1105 1957 revoc

343 1996 385 2059 do
408 2000 561 2075 domum,
590 2009 687 2084 atque
711 2000 808 2066 abiis
829 2000 1087 2082 provinciarum

300 2108 466 2175 ortionem
485 2116 668 2198 repetendo.
714 2114 919 2196 Quamquam
939 2117 1026 2181 mihi
1043 2121 1107 2203 maj

342 2244 432 2290 curae
462 2226 531 2305 est,
561 2231 833 2311 quemadmodum
864 2228 1001 2310 quidem
1034 2235 1107 2299 vobi

264 2387 270 2403 .
339 2341 531 2424 quideme
554 2341 627 2405 estis
644 2343 763 2424 optime
785 2341 910 2416 meriti,
933 2344 1107 2422 gratiam

320 2453 467 2534 ¹feram,
497 2475 613 2539 quam,
644 2456 915 2538 quemadmodum
936 2454 1107 2525 inimicorl

338 2564 501 2646 injurias,
532 2569 821 2652 crudelitatemque
844 2566 1039 2651 ¹persequar.
1094 2575 1107 2637 l

336 2682 423 2745 enim
450 2682 641 2748 ulciscendae
667 2682 791 2762 injuriae
817 2679 941 2745 facilior
968 2685 1060 2750 ratio
1085 2709 1104 2750 e

336 2799 435 2873 'quum
452 2796 597 2861 beneficii
613 2795 855 2871 remunerandi,
871 2802 1048 2877 propterea
1063 2819 1107 2883 qu

336 2901 530 2985 superiorem
551 2909 613 2974 elie
632 2922 743 2972 contra
759 2909 940 2991 improbos,
964 2911 1083 2977 minus
1105 2949 1107 2970 ι

335 3022 478 3098 negotii,
502 3043 596 3104 qoam
620 3025 716 3086 bonis
730 3022 916 3104 exaequari:
945 3030 1023 3089 tum
1044 3028 1107 3092 etia

334 3142 466 3197 netum
492 3136 699 3201 neceliarium
725 3137 852 3220 quidem
875 3133 939 3211 est,
962 3139 1053 3204 male
1076 3159 1107 3205 m

215 3264 225 3309 ς·
333 3245 428 3327 ritis,
458 3268 556 3334 quam
581 3253 702 3332 optime
725 3248 875 3324 meritis,
907 3249 1034 3317 referre
1053 3240 1104 3338 ¹qu

288 3370 322 3447 23
333 3362 460 3431 debeas.
507 3364 626 3427 Odium
654 3366 705 3428 vel
732 3364 877 3445 precibus
910 3362 1059 3446 mitigari
1085 3388 1107 3452 p

259 3476 262 3481 ’
327 3480 387 3551 test
394 3534 406 3571 ,
418 3487 471 3557 vel
483 3480 691 3569 temporibus
705 3477 890 3557 loquium
899 3482 1107 3568 ,commumq
