2384 4134
143 260 208 342 ub
407 263 688 333 ORATIO

148 435 322 517 peculiaris
336 441 496 523 populor,
511 442 565 507 cui
577 462 638 507 nos
649 440 761 507 offeofi
769 488 781 523 ,
792 442 949 529 inviiique

86 550 330 639 59iuerimur?
357 530 516 639 Equdem
531 555 697 634 existimo,
721 557 853 623 nullum
872 568 949 625 tem·

146 686 206 751 pus
222 660 284 731 elie
296 668 526 754 frequentioris
537 670 666 753 populi,
679 690 778 753 quam
788 671 870 737 illud
883 676 950 757 gla-

146 781 345 845 diatoriumz
374 803 481 866 neque
505 783 672 848 concionis
695 786 798 849 ulliue
810 828 821 863 ‚
843 805 952 869 neque

148 918 226 961 vero
241 896 382 959 ullorum
399 896 618 961 comitiorum.
641 898 723 961 Haec
737 898 841 981 igitur
854 899 952 963 innu-

148 1011 311 1073 merabilis
333 1009 500 1073 hominum
523 1011 718 1091 multitudo,
747 1013 822 1077 haee
842 1014 953 1097 populi

150 1124 286 1188 Romani
299 1132 390 1188 tanta
401 1122 606 1205 fignificatio,
628 1122 693 1189 fine
703 1125 769 1189 ulla
781 1126 952 1205 varietate,

149 1234 305 1311 univerit,
329 1258 402 1301 com
418 1238 483 1299 illis
498 1234 572 1321 ipfis
588 1238 703 1303 diebus
717 1240 759 1303 de
774 1260 829 1305 me
846 1238 952 1303 astum

149 1353 190 1415 iri
207 1360 393 1435 putaretur,
416 1351 494 1435 quid
514 1350 709 1429 declaravit,
731 1350 792 1416 nifi
811 1354 952 1437 optimo·

149 1488 220 1530 rum
234 1466 353 1529 civium
366 1464 498 1528 salutem
508 1462 543 1529 δι
556 1464 745 1546 dignitatem
758 1468 882 1549 populo
891 1466 952 1529 Ro·

86 1590 135 1641 126
149 1602 244 1643 mano
264 1598 371 1643 caram
393 1577 455 1643 esse
479 1566 655 1643 universo?
685 1578 732 1641 At
750 1598 831 1645 vero
849 1578 883 1645 ἃ
901 1580 952 1643 ille

147 1694 430 1775 tribunusplebis,
453 1691 650 1776 quideme,
673 1710 740 1755 non
751 1695 873 1775 patria,
892 1691 952 1769 avi,

149 1808 283 1889 proavi,
306 1805 465 1887 majorum
483 1804 623 1886 denique
639 1805 768 1869 suorum
789 1807 952 1881 omnium,

150 1919 201 1982 sed
219 1918 442 1981 Graeculorum
458 1916 622 1989 instituto,
649 1918 843 1983 concionem
860 1920 957 1983 inter·

153 2052 266 2114 rogare
277 2030 412 2108 solebat,
435 2028 585 2097 Velletne
599 2051 652 2095 me
666 2031 791 2110 redIre;
817 2030 871 2111 dt,
882 2052 956 2096 cum

153 2158 223 2211 erat
246 2146 458 2210 reclamatum
489 2145 651 2209 semivivis
683 2147 958 2211 mercenariorum

156 2262 306 2335 vocibus,
320 2260 478 2341 populum
487 2258 671 2321 Romanum
683 2277 804 2339 negare
820 2260 959 2325 dicebat:

155 2378 203 2454 is,
219 2396 294 2438 cum
309 2373 452 2457 quotidie
467 2371 659 2455 gladiatores
676 2369 850 2454 imitaret,
868 2394 960 2439 num·

159 2512 256 2579 quam
275 2487 320 2553 est
346 2483 546 2569 consuetius.
584 2506 666 2550 -cum
688 2487 834 2565 veniret,
856 2507 960 2553 emer-

161 2609 257 2695 gebat
277 2603 401 2678 subito,
431 2620 505 2665 cum
526 2600 582 2665 sub
604 2599 729 2663 tabulas
749 2599 960 2685 subrepserat,

164 2734 222 2803 ut,
245 2721 353 2787 Mater
370 2723 398 2779 te
414 2714 532 2799 appello
548 2747 591 2760 -
622 2708 765 2775 ditiorur
786 2713 962 2787 videretur.

165 2845 282 2924 ltaque
298 2834 354 2899 illa
372 2831 425 2895 via
442 2824 615 2903 latebrosa,
638 2843 701 2908 qua
720 2822 897 2907 spoliatum
911 2829 963 2893 ille

168 2953 336 3024 veniebat,
358 2944 465 3029 Appia
482 2940 548 3025 jam
562 2938 746 3005 vocabatur.
774 2939 832 3022 qui
848 2950 965 3017 tamen,

142 3106 148 3127 ·-
173 3086 302 3160 quoquo
317 3071 464 3141 tempore
482 3048 669 3135 conspedtue
683 3060 772 3126 erat,
795 3071 861 3115 non
873 3055 965 3117 modo

177 3188 384 3272 gladiatores,
400 3172 452 3235 sed
467 3168 545 3250 equi
558 3163 616 3248 ipli
627 3162 840 3246 gladiatorum
856 3186 967 3250 repen.

115 3324 163 3379 πεῖ
178 3306 254 3372 tinis
270 3295 370 3366 sibilis
384 3280 652 3355 erometeeuaut.
688 3273 983 3346 Vilel'ffl'ltlms

174 3434 344 3517 quantum
362 3412 455 3479 iuter
481 3392 649 3487 oooulum
662 3381 857 3443 Romanum
875 3370 913 3431 u
931 3389 995 3429 m.
