2384 4134
269 433 336 497 114
532 409 845 486 okntro,

271 589 399 670 legum,
420 584 679 671 iudiciorumque
695 593 896 665 metuentes,
919 606 999 652 cum
1018 590 1083 656 fre·

271 697 492 784 quentiliimus
507 700 638 774 ,senatus
650 720 720 776 eos,
730 709 769 764 ut
784 702 825 765 de
839 722 895 775 me,
906 702 1080 782 referrent,

271 814 416 898 quotidie
431 815 614 896 flagitaret,
627 833 692 878 non
704 814 735 878 se
747 834 816 878 rem
831 815 1020 898 improbare
1032 816 1080 881 di·
1096 858 1098 862 ·
1115 872 1118 913 ἲ

271 928 409 1005 cebant,
431 927 484 992 led
503 929 576 1009 lege
600 927 690 992 iltius
707 929 865 1011 impediri.
910 928 996 994 Erat
1017 930 1079 996 hoe

269 1060 396 1108 verum.
420 1060 495 1105 nam
510 1041 783 1125 impediebantur,
808 1058 922 1108 verum
939 1062 984 1107 ea
995 1046 1078 1128 lege,

271 1174 369 1239 quam
385 1156 472 1219 idem
488 1154 546 1221 iste
562 1158 602 1220 de
619 1156 820 1234 Macedonia,
844 1153 1010 1242 Syriaque
1024 1167 1077 1223 tu-

205 1275 259 1364 27
271 1270 365 1334 lerat.
400 1269 494 1332 Hanc
508 1277 547 1332 tu
556 1314 567 1346 ,
587 1269 622 1334 Ρ.
634 1269 785 1347 Lentule,
800 1289 906 1354 neque
917 1271 1077 1355 privatur,

267 1402 374 1467 neque
405 1381 515 1446 consul
543 1383 649 1465 legem
673 1383 736 1447 effe
765 1403 921 1469 umquam
943 1384 1075 1467 putasti.

267 1518 345 1564 narn
359 1484 499 1562 tribunis
517 1498 620 1580 plebis
634 1498 864 1574 referentibus,
880 1496 1076 1564 sententim·

267 1613 310 1676 de
323 1598 376 1677 me'
388 1609 569 1693 defiguntus
581 1611 690 1675 consul
705 1611 787 1694 saepe
803 1609 929 1681 dixistis
953 1634 999 1677 ex
1011 1612 1074 1677 Ka·

267 1726 372 1792 lendis
388 1724 550 1801 Januariis
559 1769 570 1800 ,
593 1726 700 1806 quoad
714 1722 856 1807 perlet'ta
872 1744 925 1789 reo
938 1724 1014 1806 est,
1036 1729 1073 1793 de

266 1859 320 1903 me
334 1837 481 1907 retullsti.
493 1837 601 1918 legem
614 1837 834 1920 promulgasti,
850 1837 971 1903 tulisti:
992 1860 1073 1925 quo·

139 2018 142 2024 ,
266 1971 340 2015 rum
360 1939 439 2027 tibl,
462 1947 577 2014 sreffet
591 1951 648 2014 illa
666 1951 738 2029 lex,
760 1951 841 2016 nihil
855 1950 984 2019 liceret.
1029 1953 1073 2019 At

264 2064 363 2129 etiam
378 2063 422 2139 Q.
431 2064 600 2142 Metellus,
623 2065 746 2147 collega
761 2072 839 2129 tuus
847 2106 858 2144 ,
872 2066 922 2131 vir
937 2064 1071 2132 clarili'r-

263 2199 354 2254 mus,
376 2197 470 2261 quam
485 2178 589 2260 legem
610 2175 673 2242 effe
688 2179 836 2243 homines
852 2166 1070 2247 alieniffi'rnia

263 2291 301 2358 P.
319 2293 431 2356 Clodio
445 2290 645 2374 judlcarant,
667 2291 736 2354 Piso
750 2292 783 2357 δι
799 2293 976 2370 Gabinius,
1001 2312 1071 2359 ean

208 2426 211 2433 ·
262 2404 483 2482 nullameffe,
508 2407 609 2470 frater
625 2407 660 2469 P.
670 2382 790 2507 Clodii,
813 2408 1013 2472 cum-deme
1031 2407 1070 2473 ad

220 2533 253 2594 71
263 2521 406 2583 senatum
427 2526 535 2582 tecum
557 2538 622 2581 una
639 2519 770 2594 retulit,
789 2516 958 2602 judicavit.
1007 2512 1069 2587 sel

261 2631 331 2709 isti,
347 2632 401 2714 qui
418 2632 520 2697 Clodii
536 2628 836 2714 leges'tlmuerunt,
852 2637 1069 2716 quemadmo-

260 2747 339 2810 dum
359 2752 482 2809 ceteras
498 2741 734 2809 observarunt?
755 2743 894 2811 Senator
913 2748 1068 2832 quidem,

260 2858 356 2940 cujus
379 2859 424 2922 est
442 2855 655 2941 gravillimum
681 2858 837 2942 judicium
858 2860 995 2942 dejure
1021 2864 1068 2929 le·

259 2991 357 3053 gum,
379 2974 648 3055 quotiescumque
668 2973 709 3036 do
731 2956 786 3038 me
807 2972 974 3039 consultus
1002 2976 1065 3056 eft,

258 3085 360 3147 toties
379 3104 450 3148 eam
465 3085 588 3151 nullam
605 3083 667 3149 effe
680 3085 850 3168 judicavit.
874 3088 961 3170 quod
976 3089 1066 3156 idem

258 3207 317 3277 tu,
335 3196 490 3275 Lentule,
509 3198 613 3263 vidisti
628 3198 663 3263 in
681 3218 721 3264 ea
737 3200 826 3283 lege,
840 3220 941 3285 quam
957 3206 1001 3267 de
1014 3224 1065 3269 me

256 3308 370 3377 tulisti.
392 3308 477 3375 Nam
492 3310 615 3376 nonest
631 3312 683 3376 lta'
695 3314 817 3392 latum,
839 3323 879 3379 ut
895 3315 977 3379 mihi
998 3316 1066 3383 Ro-

135 3408 139 3416 ’
202 3452 209 3483 ‹
237 3444 345 3489 mam
369 3426 480 3490 venire
502 3425 634 3505 liceret,
663 3426 716 3491 sed
744 3446 800 3494 vr·
831 3446 1063 3497 umnam·

251 3555 321 3608 'non
335 3543 420 3607 euim
432 3536 563 3639 yoluifii
576 3540 611 3606 id
618 3584 630 3620 ,
645 3543 732 3651 quud¹
745 3541 864 3609 licebat
872 3586 884 3623 ,
896 3545 1009 3625 terre,
1025 3556 1063 3613 ut
