2384 4134
89 560 92 565 Ι
134 486 137 491 ·
209 467 269 534 DE
291 462 577 535 HARVSPICVM
598 461 845 531 RESPONSIS.
869 482 931 549 171

129 640 227 706 nolle
251 642 460 725 reipublicae,
490 660 567 704 cum
589 647 698 704 cetera
719 638 837 705 scelera
861 638 931 703 stilo

128 755 188 818 illo
213 755 368 838 impuro,
385 752 476 819 uer..
494 753 598 819 Clodii
623 773 680 817 ore
701 750 828 831 titillo,
855 773 932 816 eon·

107 865 110 873 ⁴
127 866 312 951 scripsisset,
335 889 377 932 ue
391 886 457 931 uno
475 868 607 953 quidem
627 868 736 949 attigit
752 868 862 933 littera
881 867 933 931 r'e-

126 981 270 1062 ligionis.
292 983 409 1047 deinde
421 981 556 1044 eandem
572 981 704 1045 domum
718 957 931 1065 populusllo·

129 1114 268 1171 manus,
297 1070 391 1178 cujus
410 1093 455 1159 est
476 1093 601 1159 summe
621 1094 761 1178 potestas
784 1094 931 1158 omniurn

129 1227 264 1285 rerum,
287 1207 428 1273 comitiis
448 1208 663 1285 centuriatis,
688 1208 833 1273 omnium
853 1218 932 1272 aeta·

126 1330 221 1399 tum,
235 1322 452 1405 ordinumque
467 1319 643 1404 suffragiis,
657 1325 770 1387 eodem
784 1322 854 1405 jure
869 1321 932 1387 elle

122 1431 231 1519 J‘uffit‚
253 1456 318 1527 qluo
335 1434 452 1499 luiffet.
497 1433 610 1498 Postea
627 1456 703 1513 vos,
726 1447 835 1517 patres
852 1456 927 1499 con-
941 1452 971 1495 η

121 1548 263 1631 scripti,
291 1569 356 1611 non
379 1547 466 1630 quod
488 1549 584 1611 dubia
612 1568 670 1611 res.
686 1551 785 1625 ellel,
816 1550 868 1613 sed
892 1559 932 1613 ut

123 1662 206 1727 huie
227 1661 349 1738 furiae,
376 1658 543 1723 fidiutiue
565 1660 600 1724 in
616 1662 677 1724 hac
698 1661 802 1738 urbe,
834 1680 931 1744 quam

123 1776 238 1839 delere
261 1781 396 1857 cuperet
406 1818 424 1851 ,.
447 1780 609 1850 maneret,
640 1796 702 1837 vox
724 1776 933 1841 interdicere·

122 1895 200 1967 tur,
225 1885 426 1963 decrevistis,
447 1893 487 1949 ut
502 1888 542 1952 de
555 1906 702 1952 mearum
719 1889 838 1955 aedium
855 1890 933 1954 reli·
1025 1922 1034 1935 ν’

122 2000 223 2085 gione
252 2002 293 2064 ad
319 2000 509 2083 pontificum
539 2002 714 2084 collegium
744 2004 932 2071 referretur.

124 2113 212 2189 Quae
227 2120 318 2176 tanta
334 2113 447 2194 religio
459 2112 521 2190 est,
536 2132 601 2196 qua
616 2135 680 2178 non
691 2116 726 2178 in
741 2115 855 2181 nostris
869 2120 932 2183 dor-¹

121 2227 359 2301 litationibus,
388 2234 486 2307 atque
507 2225 542 2289 in
564 2228 712 2291 maximis
737 2229 931 2311 superstitio·

122 2340 241 2416 nibus,
262 2338 360 2402 unius
386 2338 422 2401 P.
444 2334 574 2401 Servilii
599 2357 637 2402 ac
661 2338 707 2402 M.
728 2316 858 2406 Luculli
877 2363 932 2405 re-

120 2451 236 2536 sponso
251 2470 289 2515 ac
305 2452 405 2517 verbo
418 2450 622 2517 liberemur?
644 2450 695 2517 De
712 2451 808 2516 sacris
824 2456 930 2538 publi·

121 2566 198 2642 eis,
228 2566 268 2629 de
292 2565 381 2629 ludis
402 2565 576 2643 maximis,
609 2567 648 2631 de
673 2568 806 2631 deorum
829 2586 930 2650 peno·

119 2679 225 2757 tium,
248 2675 419 2763 Vellaeque
433 2678 547 2743 matris
566 2679 789 2756 caeremoniis,
811 2682 851 2745 de
872 2681 929 2748 illo
1044 2752 1047 2759 ,

97 2844 101 2851 ,
120 2792 192 2876 ipso
206 2791 380 2869 sacrificio,
397 2793 485 2873 quod
498 2790 536 2855 fit
548 2811 609 2874 pro
625 2792 728 2856 solute
742 2794 852 2875 populi
863 2796 929 2860 Ro-

87 2962 90 2967 .
119 2905 229 2983 mani,
252 2906 356 2989 quod,
379 2902 448 2986 post
463 2902 601 2968 Romam
626 2905 808 2983 conditam,
831 2908 929 2991 hujm

118 3019 226 3083 unius
242 3016 318 3081 casti
337 3018 454 3081 tuturis
478 3017 670 3099 religionum
692 3017 809 3084 scelere
826 3021 929 3086 viola·

115 3140 193 3196 tum
208 3128 274 3207 est,
297 3131 384 3214 quod
401 3140 468 3195 tres
485 3128 656 3213 pontifices
675 3129 869 3212 statuissent,
892 3136 926 3201 id

114 3246 243 3328 semper
273 3245 392 3327 populo
423 3243 594 3320 Romano,
626 3243 748 3327 semper
773 3245 925 3325 senatui,

85 3417 96 3435 ἢ
115 3359 244 3444 semper
258 3355 332 3443 ipfis
345 3357 406 3423 diis
423 3356 659 3422 immortalibus
673 3356 748 3423 iotis
762 3357 925 3437 faustum,

85 3467 89 3537 ,ἶ
114 3471 195 3537 salio
218 3470 410 3555 ougustum,
433 3470 508 3534 satir
530 3471 714 3555 religiosum
738 3469 800 3535 effe
826 3472 926 3536 visum

115 3583 185 3664 est„
219 3584 268 3651 At
287 3606 372 3653 vero·
389 3603 496 3652 meam
523 3586 658 3653 domum
686 3584 722 3653 P.
743 3583 903 3651 Lentulus
911 3629 925 3665 ,
