2384 4134
203 353 246 418 οι
466 328 747 436 Q‘RATIO
820 346 822 353 ’

203 507 356 595 publico,
371 505 495 587 legibus
512 503 569 580 iis,
588 505 707 586 quibus
721 506 792 569 hoec
810 487 930 583 civito}
944 504 1006 573 uti·

193 631 274 713 iun,
290 637 485 704 quemquam
499 618 603 708 civenu
618 618 686 685 ulla
699 619 861 700 ejusmodi
877 622 1007 700 calami·

201 745 270 801 tate
289 732 396 806 affici,
414 729 479 795 fine
493 731 633 812 judicio:
655 731 718 802 hoo
732 715 811 813 juris
827 733 864 796 in
883 734 947 801 hac
964 735 1008 797 oi·
1040 730 1044 809 i

104 870 105 875 ¹
203 850 324 926 vitate,
346 846 444 910 etiam
470 853 555 921 tum,
579 864 656 907 oum
681 865 770 928 reges
788 845 912 922 essent,
936 848 1007 911 dioo

199 961 293 1029 fuisse
306 984 317 1036 .;
340 959 402 1023 hoo
418 955 587 1027 nobisesse
603 977 622 1019 a
636 953 1009 1041 majoribue'traditum3

200 1076 264 1142 hoo
279 1047 345 1138 ⁴esse
363 1072 502 1154 denique
518 1071 684 1154 proprium
706 1073 817 1137 liberae
837 1073 1008 1151 ciuitatis,

200 1197 238 1252 ut
260 1187 340 1250 nihil
361 1186 401 1249 de
420 1186 525 1268 capite
548 1183 644 1261 civIs,
663 1189 724 1250 'aut
743 1187 924 1264 debonis,
944 1185 1010 1254 fine

202 1301 321 1385 iudicio
337 1298 484 1374 senatus,
502 1304 560 1360 aut
577 1298 706 1380 populi,
722 1308 779 1363 out
794 1319 933 1378 eorum,
952 1301 1010 1384 qui

154 1478 159 1486 ,
202 1417 243 1482 de
257 1432 385 1499 quaque
402 1431 436 1476 re
457 1408 619 1479 constituti
635 1410 758 1494 judices
774 1410 834 1476 sint
843 1459 855 1491 ,
877 1414 1009 1479 detrahi

87 1547 96 1557 “
159 1525 305 1615 3ιροιῖιῒ.
350 1523 511 1602 Videsne,
530 1545 585 1589 une
607 1544 672 1587 nou
693 1525 850 1616 radicitus
862 1527 1009 1593 evellere

201 1661 313 1708 omues
326 1637 467 1705 afflones
479 1635 576 1703 tuae?
590 1655 697 1718 oeque
705 1638 787 1704 iilud
800 1658 909 1721 ogere,
918 1619 1008 1723 quod

199 1763 347 1839 apertum
359 1751 419 1827 est,
429 1757 461 1828 te
475 1750 606 1813 omnino
620 1750 701 1814 nihil
714 1749 832 1832 geffiffe
839 1751 930 1832 jure,
939 1773 1007 1819 uon

198 1866 290 1936 fuiffe
306 1866 470 1930 tribunum
482 1860 609 1946 plebis?
629 1863 691 1928 hoc
707 1865 778 1929 dico
787 1911 797 1943 ‚
821 1865 884 1930 effe
897 1868 1008 1948 purri-

186 1981 332 2052 oinium.
376 1975 447 2041 dico
468 1976 551 2058 apud
574 1975 762 2059 pontifices:
786 1988 929 2060 augures
946 1981 1007 2045 ad·

199 2094 291 2158 sunt:
315 2088 450 2155 versor
440 2109 476 2164 ιιι
496 2088 630 2159 medio
621 2107 693 2172 Jure
715 2091 855 2172 publico.
902 2092 1004 2168 Quod

200 2206 262 2284 est,
285 2201 506 2316 pontifices,
497 2222 550 2284 Jus
563 2203 770 2286 adoptionis?
790 2223 907 2288 nempe
921 2214 963 2269 ut
974 2206 1004 2271 in

199 2296 357 2401 odopt'ein,
389 2315 446 2400 qui
473 2334 577 2398 neque
595 2334 766 2397 procreare
788 2317 854 2401 jam
879 2319 1003 2386 liberos
1042 2374 1043 2385 ,

196 2431 307 2518 poffit,
277 2429 375 2505 tit,
393 2447 468 2493 oum
484 2429 644 2512 potuerit,
662 2427 701 2494 fit
715 2439 877 2512 expertus
915 2431 1003 2506 Quae

198 2545 314 2612 deinde
329 2541 420 2605 causa
432 2541 548 2622 cuique
562 2539 600 2604 fit
612 2542 811 2623 adoptionis,
824 2563 896 2626 quoe
913 2546 1000 2610 ratio

198 2676 353 2742 generum
369 2673 407 2719 ao
422 2653 605 2735 (Ιίιξιιῐῑιιῒῐε,Ι
618 2674 690 2737 quae
706 2654 881 2733 saeuorum,
894 2658 1003 2741 quaeri

197 2792 217 2836 a
235 2766 424 2853 pontificum
440 2758 576 2848 collegio
591 2766 682 2845 solet.
714 2758 803 2844 Quid
820 2769 864 2835 est
879 2771 1001 2837 horum

195 2886 230 2949 in
245 2883 302 2946 ista
319 2881 490 2963 adoptione
507 2878 703 2962 quaesitum?
731 2881 876 2966 Adoptat
893 2902 999 2957 annon

194 2994 310 3079 viginti
324 3003 438 3070 natus,
461 2994 697 3071 etiumminor,
719 2994 905 3061 senatorem.
941 2997 1001 3061 Li-

193 3113 388 3178 berorumue
403 3105 522 3170 causa?
550 3107 596 3170 At
610 3127 779 3190 procreare
793 3109 905 3193 potest.
935 3111 999 3174 ha·

124 3231 128 3239 '
193 3226 249 3289 bet
264 3238 417 3286 uxorem
437 3217 574 3317 suscepit
559 3221 684 3289 etiam
699 3221 828 3289 liberos
860 3223 998 3289 exhere-

193 3337 281 3432 debit
298 3333 397 3431 igitur
411 3341 502 3427 puter
516 3330 631 3396 filium.
679 3334 795 3409 Quid?
819 3336 903 3400 sacra
919 3337 997 3401 Clo·

192 3451 254 3519 diae
278 3447 383 3536 gentio
407 3437 467 3515 e'ut
486 3443 679 3529 intereunt,
708 3450 794 3536 quod
812 3450 846 3549 iu
864 3456 897 3516 te
915 3449 996 3519 eiii
