2384 4134
267 384 334 431 102
530 360 814 429 o-RATIO

269 537 410 620 denique
434 537 533 601 etiarn
551 533 607 601 ilie
628 536 772 631 novitius
794 530 920 622 Ligur,
954 540 1071 607 venulis

268 631 444 734 adscriptor
464 650 708 737 &subscriptor
729 658 825 730 tuus,
849 631 929 717 cunr
954 654 1001 721 Μ.
1020 656 1072 719 Ρι-

270 764 363 849 piris,
387 764 435 829 sui
451 765 578 841 fratris,
602 763 678 830 'effet
692 762 883 829 testamento
901 765 939 833 dc
955 767 1072 850 judicio

269 879 489 964 improbatus,
511 883 651 942 mortem
674 878 744 961 ejus
766 880 797 942 se
824 879 916 944 velle·
929 881 1074 967 persequi

270 993 374 1056 dixit:
405 1012 522 1055 nornen
540 989 615 1056 Sex.
633 991 790 1074 Propertii
811 994 945 1059 detulit.
980 1012 1075 1059 sccu-

270 1106 339 1170 sare
354 1105 467 1169 alienae
485 1106 720 1183 damnationis,
742 1106 934 1188 scelerisque
954 1106 1073 1185 socios,

229 1239 264 1296 5ο
272 1229 401 1300 propter
415 1219 583 1283 calumniae
597 1227 730 1296 metum,
747 1219 872 1284 nonest
890 1221 1003 1287 ausus.
1027 1223 1073 1287 De

268 1332 330 1398 hac
354 1332 453 1414 igitur
473 1333 545 1413 lege
569 1333 732 1408 dicimus,
762 1352 834 1415 quae
858 1331 933 1414 jure
963 1345 1074 1419 rogatu

269 1447 434 1524 videatur3
458 1444 549 1529 cujus
566 1465 664 1528 quam
687 1445 827 1530 quisque
850 1433 1074 1527 partem-teti·

265 1560 338 1643 git,
366 1561 485 1642 digito,
511 1580 607 1630 voce,
632 1560 756 1641 praeda,
780 1555 961 1642 suffragio,
996 1581 1073 1646 quo-

268 1694 407 1756 cumque
438 1674 550 1752 venit‚
585 1673 800 1758 repudiatus,
832 1670 1073 1763 consistusquc
1107 1738 1109 1747 .

264 1785 412 1852 discessit.

339 1899 447 1974 Quid,
469 1894 493 1961 fi
514 1896 554 1961 iis
574 1895 681 1962 verbis
707 1897 821 1984 scriptu
839 1896 885 1963 est
912 1897 972 1963 ills
1000 1919 1073 1984 pro·

262 2011 419 2094 scriptio,
448 2019 487 2077 ut
511 2013 542 2076 se
569 2011 636 2093 ipsa
662 2010 845 2080 dissolvat?
875 2011 930 2076 est
961 2015 1071 2092 eninr,

264 2147 382 2203 Qvon
415 2147 457 2190 nr.
487 2126 688 2192 ivnulvs
718 2144 899 2190 unusvns
933 2145 1070 2191 suun·

261 2256 623 2305 nvsconsvunvnr
646 2260 927 2305 Rusuccuru.
958 2236 995 2305 Si
1011 2242 1070 2323 igi·

258 2362 315 2421 tur
332 2355 443 2417 retulit
459 2354 572 2418 falsum
586 2354 911 2431 senatusconsultum,
932 2362 1006 2417 turn
1024 2352 1069 2421 est

260 2469 410 2549 rogati03
434 2465 456 2529 ss
481 2484 545 2530 non
567 2468 703 2544 retulit,
724 2470 813 2531 nulla
835 2464 891 2531 eit.
936 2463 1068 2533 Satisne

260 2580 323 2645 tibi
351 2581 479 2645 videtur
503 2599 522 2642 a
547 2562 658 2644 senatu
679 2580 859 2662 judicatum
880 2625 890 2655 ,
920 2599 976 2645 rne
1002 2600 1069 2645 non

258 2697 355 2762 modo
372 2714 437 2758 non
456 2694 650 2758 ementitum
667 2692 730 2758 esse
747 2694 976 2759 outtoritatern
987 2694 1067 2777 ejus

258 2807 397 2882 ordinis,
421 2807 587 2874 sedetiam
612 2823 717 2871 unum
734 2807 801 2891 post
818 2809 932 2871 urbem
951 2809 1066 2873 condi-

224 2932 226 2937 ·
255 2928 322 2982 tam
354 2918 587 3000 diligentiffime
613 2921 735 2987 senatui
763 2918 930 3003 paruisse?
969 2920 1066 2997 Quot

177 3024 179 3029 ’
254 3033 358 3098 modis
377 3035 499 3111 doceo,
515 3036 621 3116 legem
637 3033 742 3110 istam,
763 3052 859 3119 quam
877 3052 1064 3109 vocas,non

196 3149 200 3159 '
252 3145 316 3211 effe
338 3146 468 3229 legem?
498 3147 604 3226 Quid,
628 3144 767 3211 fietiam
783 3147 931 3231 pluribus
948 3149 990 3211 de
1011 3167 1064 3211 re·

250 3261 312 3326 bus
327 3280 392 3324 uno
407 3260 519 3326 sortitu
534 3259 698 3328 retulisti?
713 3268 864 3326 tamenne
878 3260 1064 3339 arbitraris,

250 3372 304 3449 id,
323 3376 408 3459 quod
419 3374 463 3437 Μ.
476 3374 597 3439 Drusus
612 3376 646 3439 in
666 3375 791 3457 legibus
805 3375 870 3439 suis
881 3373 1066 3458 plerisque,

250 3487 354 3554 bonus
374 3488 429 3555 ille
452 3488 501 3556 vir
513 3535 525 3570 ‚
556 3489 602 3559 Μ.
622 3486 786 3570 Scaurus,
815 3486 850 3556 dt
874 3486 913 3554 L.
931 3486 1064 3557 &auus
