2384 4134
313 380 421 432 22,
575 361 857 428 ORATIO

317 539 481 622 republica
502 535 674 621 geffimue,
696 538 805 619 attigit
828 536 882 605 hic
907 534 1060 603 verfibur
1084 545 1118 602 at-

321 675 385 736 que
409 653 594 716 inchoavit:
627 652 743 732 quibus
766 650 910 727 auditis,
932 655 1026 733 quud
1053 654 1118 716 mih

321 788 438 848 magna
456 787 507 828 res
522 765 555 828 ἃ
569 765 711 845 Jucunda
726 763 791 829 visa
805 764 868 839 est,
885 765 974 830 hunc
992 768 1038 828 ad
1057 783 1118 850 per¹

320 880 494 943 finiendum
513 880 762 941 hortatorium.
808 877 940 941 Nullam
958 878 1052 941 enim
1071 881 1118 944 vir

322 1001 375 1059 tur
395 996 489 1055 aliam
508 995 688 1055 mercedem
705 991 868 1066 laborum,
893 991 1118 1073 periculorum

323 1127 389 1188 que
403 1105 577 1175 desiderat,
592 1115 710 1186 praeter
725 1105 808 1168 hanc
824 1105 926 1167 laudis
946 1104 980 1168 ἃ
1001 1105 1118 1187 gloriae

323 1241 387 1303 qua
400 1221 531 1300 quidem
548 1215 710 1293 detratta,
724 1218 866 1298 judices,
876 1216 1030 1298 quidest,
1045 1239 1118 1302 quor

322 1333 356 1396 in
383 1334 444 1394 hoc
460 1347 528 1393 tam
551 1334 668 1412 exiguo
691 1333 767 1394 vitae
791 1330 977 1409 curriculo,
1001 1329 1038 1396 δι
1064 1342 1118 1396 tan

322 1446 434 1520 brevi,
457 1445 555 1507 tantis
574 1464 635 1507 nor
655 1445 689 1507 in
709 1442 872 1507 laboribus
891 1455 1118 1510 exerceamur*

281 1561 444 1636 arcente,
466 1556 587 1621 finihil
608 1559 735 1622 animus
756 1552 955 1640 praesentiret
970 1557 1007 1621 in
1026 1559 1118 1641 poste

325 1693 426 1750 rum,
448 1669 509 1748 δι,
531 1670 580 1747 fi,
603 1673 722 1755 quibus
745 1670 931 1752 regionibus
954 1661 1034 1735 ritae
1064 1674 1118 1758 spa

324 1788 408 1850 tium
423 1783 696 1867 circumscriptum
715 1784 779 1861 est,
802 1785 924 1848 eisdem
941 1771 1059 1849 omnes
1079 1807 1118 1851 co

325 1900 501 1981 gitationes
522 1898 711 1961 terminaret
723 1898 814 1975 suas5
836 1898 1014 1962 nectentis
1031 1899 1067 1962 se
1087 1901 1118 1965 la

324 2013 456 2076 boribus
472 2011 654 2093 frangeret,
674 2030 782 2094 neque
799 2019 851 2075 tot
865 2011 969 2088 curis,
994 2011 1118 2094 vigiliis

325 2145 388 2210 que
404 2136 595 2207 angeretur,
619 2143 723 2208 neque
739 2126 837 2188 toties
857 2126 897 2188 de
914 2126 979 2189 vita
996 2125 1066 2208 ipra
1085 2129 1118 2192 di

325 2240 472 2305 micaret.
513 2237 750 2303 Nunc·infidet
775 2242 923 2322 quaedam
945 2238 979 2302 in
1006 2241 1118 2323 optim.

326 2372 456 2437 quoque
474 2354 595 2429 virtus,
618 2373 693 2436 quae
713 2351 824 2417 noctes
842 2350 876 2416 ἃ
897 2352 966 2415 dier
981 2354 1118 2420 animun

325 2470 438 2550 gloriae
465 2467 600 2529 stimulis
629 2467 795 2543 concitat,
827 2475 924 2548 atque
954 2465 1113 2533 admonet

324 2603 389 2646 non
425 2600 501 2642 cnm
531 2579 606 2643 vitae
635 2589 781 2664 tempore
810 2577 873 2644 effe
903 2579 1118 2646 dimittendam

327 2694 668 2758 commemorationem
685 2693 823 2756 nominis
841 2691 956 2769 nostri,
978 2692 1031 2756 sed
1051 2715 1118 2759 cun

261 2817 312 2876 12
326 2808 413 2870 omni
430 2804 615 2886 posteritate
630 2807 873 2889 adaequandum.
896 2805 950 2870 An
965 2825 1045 2870 vero
1057 2813 1118 2871 tan

280 2912 315 2966 3⁰
325 2920 417 3004 parvi
432 2919 530 2981 animi
547 2920 715 2985 videamur
730 2918 791 2983 effe
804 2940 930 2995 omnes,
949 2919 1005 3003 qui
1021 2920 1056 2981 in
1075 2941 1118 2985 re

322 3033 470 3118 publica,
493 3041 590 3115 atque
606 3034 638 3096 in
654 3034 704 3096 his
720 3034 796 3097 vitae
813 3033 964 3115 periculis
973 3079 984 3110 ,
1005 3033 1118 3099 labori«

320 3148 447 3230 busque
459 3147 643 3224 versamur,
666 3154 727 3222 ut,
749 3167 822 3210 cum
838 3147 995 3230 usquead
1014 3155 1118 3212 extre

322 3283 412 3327 mum
439 3260 598 3344 spatium,
627 3261 749 3324 nullum
784 3261 992 3342 tranquillum
1024 3270 1118 3343 atquc

320 3376 458 3441 otiosum
473 3373 617 3457 spiritum
634 3374 835 3451 duxerimus,
848 3375 1014 3438 nobiscum
1028 3370 1118 3440 fimul

317 3491 472 3558 moritura
487 3488 594 3554 omnia
606 3488 822 3558 arbitremur?
836 3490 902 3572 An,
911 3507 985 3554 cum
998 3486 1118 3554 statuar
