2384 4134
203 417 267 480 104
464 394 744 465 ORATIO
833 440 835 445 -

164 567 251 653 6mi
263 569 371 654 patrui
384 569 433 637 tui
447 579 551 635 morte
567 573 723 661 dicemur.
764 569 908 655 Arguia,
936 572 1014 651 occi
1048 624 1051 629 .

203 685 272 750 ium
285 682 348 748 effe
365 702 385 748 a
400 681 437 750 C.
452 683 602 763 Rabirio,
625 685 662 749 1..
680 682 917 749 Saturninum:
944 684 1011 750 &id

86 823 88 826 ’
204 798 240 864 C.
258 796 413 862 Rabiriur.
426 799 605 865 multorum
626 797 837 876 testimoniis,
861 799 913 875 Q.
936 798 1014 861 Hor·

202 910 303 977 tenfio
324 908 529 994 copicfiffime
546 913 757 987 defendente,
781 924 881 974 antea
902 910 1012 976 falsum

203 1023 266 1110 csse
288 1016 408 1089 docuit.
452 1025 521 1106 Ego
539 1032 649 1089 autem
664 1069 680 1099 ,
696 1021 720 1085 ii
738 1023 817 1087 mihi
834 1022 920 1087 effet
934 1025 1015 1089 inte·

203 1158 315 1220 grum,
338 1136 522 1220 susciperem
540 1138 603 1200 hoc
619 1137 761 1212 crimen,
784 1114 1013 1218 agnoscerem,

203 1249 388 1315 confiterer.
431 1248 561 1317 Utinam
590 1250 675 1313 banc
704 1249 784 1319 mihi
815 1251 1013 1315 facultatem

204 1364 298 1432 causa
316 1364 523 1441 concederet,
547 1370 583 1426 ut
600 1343 796 1445 pcfl'emhoc
814 1364 1013 1445 praedicare,

205 1477 242 1543 C.
256 1477 378 1541 Rabirii
392 1495 501 1553 manu,
519 1476 556 1540 L.
569 1472 791 1553 Saturninum,
813 1474 941 1540 bostem
956 1494 1013 1558 pc·
1050 1482 1051 1489 ’

203 1591 272 1675 puli
286 1591 441 1667 Romani,
463 1587 685 1655 interfeiiurn!
707 1623 751 1635 -—
770 1572 863 1659 Nihil
876 1588 1015 1665 melcia-

203 1722 275 1768 mor
288 1703 344 1768 ilie
360 1707 560 1780 commovet,
581 1702 634 1766 ied
651 1701 841 1778 consoletur,
865 1720 942 1765 cum
962 1702 1013 1767 in·

118 1872 121 1877 .
203 1818 291 1882 dicat
309 1815 371 1881 effe
389 1816 544 1899 quosdam
558 1815 645 1881 cives
659 1814 826 1896 imperitae
835 1859 847 1892 ,
868 1813 924 1879 sed
943 1833 1012 1901 nnn

202 1929 339 1994 multoe.
376 1947 578 2011 numquam,
600 1928 681 1991 mihi
699 1927 845 2006 credite,
866 1927 1013 2010 populna

203 2040 368 2123 Romanus
382 2041 447 2117 hic,
469 2040 526 2124 qui
539 2039 620 2117 filet,
635 2039 795 2105 consulem
812 2061 865 2104 me
875 2039 1013 2117 leciliet,

203 2151 228 2218 fi
250 2153 357 2219 vestru
370 2154 511 2218 clamore
533 2154 757 2237 perturbatum
776 2153 817 2217 iri
833 2152 1013 2217 arbitrare·-

201 2273 267 2332 tur.
289 2267 429 2344 ‘Quanto
440 2267 506 2350 jam
518 2267 622 2332 levior
637 2251 681 2331 eli
696 2265 904 2330 acclamatio!
927 2264 1013 2348 qnin

202 2379 375 2446 continetis
391 2399 529 2459 vocem,
553 2379 694 2444 indicem
716 2379 857 2444 llultitiae
876 2376 1024 2455 vestrae,

160 2514 194 2570 19
203 2494 314 2560 teiiem
325 2494 508 2578 paucitatis.
527 2524 578 2543 ·-·-
593 2492 755 2568 Libenter,
769 2481 911 2574 inquam,
926 2510 1013 2575 cun·

133 2588 143 2651 .'
201 2588 328 2684 fiterer,
356 2607 475 2674 slvere
495 2606 632 2691 poisern,
659 2613 716 2668 aut
738 2605 855 2682 etiarn,
877 2600 901 2666 fi
925 2603 1011 2695 mihi

202 2719 279 2786 effet
296 2721 474 2803 integrum,
496 2719 533 2784 C.
547 2718 669 2787 Rabirii
686 2736 785 2782 manu
802 2719 840 2782 1..
859 2716 1011 2782 Saturni·

202 2852 280 2897 num
297 2831 358 2896 effe
377 2832 542 2907 occisum
566 2830 602 2895 ὅτ
625 2832 657 2896 id
677 2831 803 2896 facinus
828 2830 1010 2911 pulcherri-

202 2964 293 3008 mum
308 2943 372 3008 effe
386 2946 572 3010 arbitrarer:
595 2943 658 3019 sed,
682 2945 835 3027 quoniam
850 2944 882 3006 id
898 2944 1009 3006 lacere

199 3078 266 3124 non
281 3055 424 3141 polium,
449 3056 625 3122 confitebor
639 3057 692 3135 id,
714 3059 799 3140 quod
818 3058 858 3121 ad
872 3055 1007 3120 laudem

194 3171 310 3241 minue
330 3171 466 3247 valebit,
489 3172 529 3236 ad
546 3170 669 3235 crimen
682 3190 747 3233 non
765 3170 882 3236 minua.
919 3169 1009 3232 Con·

199 3283 306 3359 fiteor,
329 3283 544 3348 interficiendi
553 3282 716 3346 Saturnini
729 3283 831 3357 caula,
854 3281 891 3346 C.
907 3281 1007 3344 Rabi-

200 3398 287 3461 rium
302 3417 391 3461 arma
406 3397 530 3480 cepiffe.
554 3395 645 3472 Quid
654 3394 709 3472 est,
727 3394 892 3461 Labiene?
905 3413 1004 3476 quam

165 3550 169 3565 =
199 3529 291 3581 ame
308 3510 491 3602 graviorem
514 3507 764 3590 couieflionem,
784 3515 847 3578 aut
864 3497 1011 3592 quadiu
