2384 4134
86 506 92 513 .
203 454 265 524 uu
287 436 573 521 unuusrrcvu
594 439 840 519 ussrou'srs.
864 453 927 537 169
954 529 962 549 ι

126 624 164 694 dr
178 629 378 694 coeremoniis
399 628 445 694 eit
463 627 695 705 concionatus,
721 635 828 711 patres
850 648 927 691 con-

125 743 256 825 scripti,
279 742 431 808 Clodius:
460 742 498 807 P.
515 742 673 825 inquam,
696 743 824 807 ClodIus
842 741 945 821 socru¹

96 854 108 897 ·’
125 855 165 923 ds
182 855 352 936 religiones
366 855 501 938 negligi,
524 857 657 944 uiolari,
679 855 781 938 pollui
801 853 928 937 questus

128 967 188 1033 est.
216 987 281 1033 non
299 969 438 1046 mirum,
460 966 561 1034 fihoc
579 969 671 1035 vobis
690 969 859 1033 ridiculum
881 968 929 1031 vi-

128 1083 238 1147 detur.
255 1082 354 1145 etism
366 1081 424 1147 sua
438 1083 552 1146 concio
570 1080 825 1154 rilithominem‚
849 1100 929 1165 quo·

92 1194 101 1207 ’
129 1196 229 1259 modo
249 1194 315 1277 ipse
331 1195 462 1278 gloriari
478 1197 575 1273 iulet,
598 1196 746 1260 ducentis
766 1192 929 1258 confixum

128 1307 436 1385 senrtusconiultis3
458 1328 533 1391 quse
548 1309 621 1373 iunt
639 1309 746 1373 omnia
762 1318 874 1373 contra
891 1308 931 1372 il-

86 1398 89 1403 .
129 1421 201 1487 lum
229 1440 288 1504 pro
324 1419 531 1502 religionibus
560 1419 672 1498 festa,
706 1423 932 1506 hominemque

130 1554 229 1609 cum,
251 1533 308 1614 qui
329 1532 551 1616 pulvinaribus
573 1536 673 1600 Bonae
694 1536 774 1599 Deae
792 1536 934 1618 stuprum

130 1646 301 1724 intulerit,
321 1664 426 1729 eaque
450 1646 557 1726 sacra,
582 1666 655 1731 quae
674 1647 735 1712 viri
753 1649 870 1724 oculis,
892 1669 934 1711 ne

131 1759 348 1841 imprudentis
364 1759 512 1844 quidem,
535 1760 653 1845 ndspici
666 1763 715 1826 las
729 1760 791 1836 est,
805 1782 869 1824 non
887 1761 935 1824 so·

131 1872 203 1937 lum
219 1869 369 1957 adspettu
393 1874 498 1951 virili,
520 1876 574 1941 sed
596 1875 739 1957 flagitio,
762 1873 936 1958 stuproque

111 2008 114 2013 ·
132 1984 286 2063 violarit,
307 1986 343 2050 in
362 1989 517 2053 concione
534 1988 575 2053 de
594 1988 804 2071 religionibus
827 1989 938 2071 negle-

134 2096 197 2163 rtis
212 2099 379 2182 conqueri.
424 2100 539 2184 Itaque
555 2121 642 2165 nunc
658 2102 803 2182 proxima
823 2103 935 2166 concio

134 2212 206 2294 ejus
230 2208 431 2294 exspectatur
456 2216 495 2277 de
517 2213 684 2297 pudicitia.
737 2214 825 2289 Quid
849 2214 959 2280 enims

133 2323 291 2402 interest,
317 2330 430 2388 utrum
458 2325 680 2390 absitatibus
705 2322 938 2407 religiosrffimis

133 2439 286 2521 fugatus,
308 2438 348 2501 de
366 2438 462 2502 sacris
478 2436 514 2504 ds
533 2436 741 2520 religionibus
761 2458 937 2521 conquera-

134 2559 209 2628 tur,
231 2570 273 2614 an
295 2571 335 2615 ex
351 2551 497 2615 sororum
519 2552 670 2616 cubiculo
688 2549 849 2635 egressus,
876 2570 937 2635 pu·

135 2665 271 2741 dorem,
300 2664 555 2749 pudicitiamque
575 2663 755 2730 defendat?
798 2664 940 2747 Respon-

136 2775 207 2842 sum
235 2777 439 2861 haruspicum
466 2779 528 2843 hoc
553 2796 665 2843 recens
688 2779 728 2842 de
750 2777 882 2842 fremitu
902 2780 938 2841 in

136 2890 296 2955 concione
315 2891 484 2955 recitavit:
506 2890 541 2955 in
561 2910 628 2976 quo
647 2907 722 2955 cunr
737 2890 808 2955 aliis
827 2892 940 2955 multis

134 3004 292 3085 scripturn
312 3003 410 3066 etiam
430 3004 512 3068 illud
531 3003 576 3068 est
603 3003 659 3082 (id
677 3004 765 3087 quod
786 3004 939 3084 audistis>

137 3117 203 3180 loca
216 3112 312 3198 sacra
330 3114 368 3183 &
386 3113 553 3199 religiosa,
574 3115 714 3201 profano
737 3116 856 3184 haberi.
901 3118 938 3182 ln

136 3249 182 3294 ea·
195 3227 289 3293 cauis
303 3226 367 3292 effe
379 3229 460 3292 dixit
476 3230 609 3294 domum
625 3247 749 3309 meam,
772 3250 791 3293 a
809 3230 940 3313 religio·

135 3339 248 3407 fillimo
274 3342 462 3418 iacerdote‚
486 3341 522 3406 Ρ.
543 3342 681 3422 Clodio,
711 3343 938 3409 consecratam.

137 3452 274 3525 Gaudeo
290 3455 369 3522 mihi
384 3456 423 3520 de
439 3462 509 3520 toto
523 3455 586 3520 hoc
601 3435 736 3534 ostento,
749 3458 834 3541 quod
849 3456 935 3520 haud
949 3476 981 3519 ro

88 3584 92 3591 ’
135 3566 201 3634 icio
212 3613 225 3653 ,
247 3588 290 3635 an
310 3566 525 3656 grauiffiruum
546 3570 660 3639 multis
678 3571 730 3638 bis
749 3570 843 3636 annis
865 3568 942 3636 huic

169 3704 171 3708 Α
694 3683 765 3767 L5
