2384 4134
281 397 347 464 wo
543 337 876 452 obacro*

282 551 426 619 omnium
450 549 606 614 scelerum
629 549 812 613 colluvione
828 541 948 626 n'atus,
977 546 1071 630 paron
1114 555 1118 616 l

281 669 313 729 se
329 665 436 729 foedus
464 664 659 727 violaturum
679 661 723 727 est
742 662 939 737 arbitratus,
962 659 1017 724 nifi
1035 661 1073 742 ip-
1117 688 1118 694 ¹

281 777 351 840 sum
381 768 546 840 cautorem
569 776 665 839 alieni
690 776 824 859 periculi
857 776 924 839 suis
949 773 1075 859 propriis

237 907 269 981 ra
281 888 431 974 periculis
446 886 616 957 terruisset.
646 888 741 952 Hanc
751 897 880 952 taetram
897 890 1078 954 immanen-

282 1023 346 1087 que
370 1002 527 1080 belluam,
557 991 697 1067 vindtarn
720 1001 891 1084 auspiciis,
922 1003 1080 1084 alligatam

172 1166 173 1170 ,
279 1134 370 1180 more
387 1115 563 1198 majorum,
594 1112 795 1176 constristant
810 1115 932 1196 legum
951 1114 1081 1178 sacrata·

280 1249 352 1294 rum
371 1229 512 1305 catenis,
542 1227 632 1327 splvit
655 1227 757 1290 subito
784 1210 934 1312 [legum]
958 1227 1082 1303 consul,

181 1392 183 1396 »
278 1340 348 1418 vel,
371 1349 410 1405 ut
425 1362 485 1423 ego
500 1330 656 1416 arbitror,
680 1349 851 1417 exoratus,
874 1342 940 1417 vel,
964 1353 1081 1405 utnon

281 1475 377 1522 neno
397 1462 512 1538 putat,
544 1454 624 1517 mihi
643 1453 765 1530 iratus3
795 1455 927 1535 ignarus
955 1455 1082 1537 quiden

278 1577 366 1634 certe
383 1567 417 1632 dr
433 1567 619 1652 imprudens
638 1566 893 1648 impendentium
917 1561 1080 1632 tantorum

277 1681 429 1747 scelerum
443 1701 480 1744 ac
491 1681 663 1744 malorum.
687 1681 744 1761 qui
756 1680 909 1744 tribunus
924 1680 1080 1764 plebissc-
1105 1732 1109 1741 .

277 1793 365 1859 lixin
380 1794 551 1859 evertenda
563 1793 728 1875 republica
742 1793 806 1856 fuit
817 1792 917 1856 nullis
933 1793 1001 1857 suis
1011 1811 1079 1857 ner·

282 1905 342 1972 vis.
367 1906 436 1981 Qui
452 1906 539 1968 enirn
552 1905 586 1966 in
595 1905 755 1987 ejusmodi
767 1907 835 1970 ‚vita
848 1905 944 1970 nervi
953 1906 1017 1971 csse
1029 1926 1081 1989 po·

277 2027 413 2085 tuerunt
429 2014 587 2095 hominis,
611 2000 760 2082 fraternis
778 2015 932 2101 flagitiis,
956 2006 1080 2084 sororiis

218 2129 413 2221 ¹17liupris,
436 2131 525 2195 omni
539 2131 684 2195 inaudita
701 2130 832 2195 libidine
841 2131 1000 2197 insaniis?
1023 2130 1079 2199 Sed

197 2238 205 2251 *
277 2244 342 2312 suit
357 2241 499 2328 profesto
514 2246 663 2328 quaedam
673 2245 728 2308 illa
746 2244 934 2327 reipublicae
953 2248 1078 2311 fortuna

279 2358 406 2435 fatalis,
429 2365 465 2421 ut
481 2358 536 2422 ille
550 2376 659 2423 caecus
674 2366 778 2439 atque,
800 2376 912 2422 amens
931 2360 1079 2424 tribunus

277 2471 378 2556 plebis
400 2471 656 2548 nancisceretur,
686 2470 762 2552 quid
783 2470 887 2536 dicam
910 2469 1079 2537 consulens

276 2583 412 2648 hoccine
425 2589 464 2646 ut
478 2603 537 2666 ego
547 2583 840 2665 appellcnnomine
848 2583 1014 2651 eversores
1021 2586 1080 2650 bu·

277 2694 327 2782 jus
356 2692 507 2779 imperii?
542 2696 723 2778 proditores
751 2696 863 2762 vestrae
891 2692 1078 2782 dignitatis?

159 2868 164 2879 r
275 2806 381 2875 hostes
399 2812 557 2874 bonorum
575 2808 746 2873 omniurn?
774 2808 829 2893 qui
849 2810 890 2872 ad
908 2807 1077 2877 delendum

275 2912 438 2998 senatum,
472 2914 678 3004 affligendum
708 2921 893 3005 equestrem·
914 2927 1077 2998 ordinem,

262 3032 503 3116 ‘exstinguenda
521 3035 630 3099 omnia
642 3034 715 3117 jura
737 3044 836 3120 atque
853 3033 1003 3103 instituta
1017 3056 1079 3103 na·

276 3142 400 3232 iorum,
424 3147 455 3214 se
470 3147 534 3213 illis
547 3149 685 3215 fascibus
707 3147 889 3233 ceterisque
906 3148 1079 3235 insignibar

213 3274 219 3285 ·
276 3259 395 3327 summi
404 3258 535 3324 honoris
552 3270 652 3345 atque
666 3260 793 3346 imperii
807 3271 942 3328 ornator
956 3262 1023 3330 effe
1035 3282 1081 3328 ar·

276 3371 501 3441 bitrabanturl
523 3371 686 3451 Quorum,
700 3393 757 3458 per
772 3373 852 3441 deca
868 3372 1080 3452 inmortales,

272 3484 301 3560 fi
322 3492 475 3561 nondum
491 3484 619 3556 scelera
638 3484 1079 3580 uulnerauninudatdpu·
