2384 4134
109 530 113 537 ,
224 448 309 520 ouo
332 449 459 523 nouo
482 447 569 519 sva
590 449 653 519 Ao
676 446 850 517 nonnis·
895 464 938 535 89

120 612 415 712 ‘oonjuuiiionem
443 627 526 691 hano
549 625 812 709 conspirationem
830 626 864 689 in
887 647 940 690 re·

131 743 265 828 ‚publica
287 743 368 806 bene
388 742 551 822 gerenda,
579 741 663 802 hanc
686 738 938 820 jucundissimam

140 857 215 923 vitae
238 863 335 937 atque
357 853 539 919 officiorum
563 853 709 917 omnium
729 852 934 931 societatem,

139 969 219 1032 certi
239 967 385 1031 homines
400 962 485 1030 titiis
504 965 703 1030 sermonibus
721 965 756 1031 δι
771 965 855 1030 salfis
875 967 938 1030 cri·

139 1083 281 1151 minibus
302 1081 524 1157 diremerunt;
555 1100 631 1144 cum
649 1079 746 1143 iidem
767 1079 878 1156 illum,
901 1091 939 1146 ut

139 1218 193 1263 me
208 1202 385 1268 metueret,
401 1202 618 1271 oneraverat,
633 1203 820 1268 monerent;
837 1195 936 1257 iidem

132 1309 226 1391 'apud
241 1328 310 1385 mo,
327 1307 406 1371 mihi
421 1307 514 1385 illum
528 1305 590 1372 esse
605 1308 665 1371 uni
677 1305 937 1383 inimicissimum,

140 1424 312 1487 dicerent:
333 1429 501 1502 uinoque
524 1440 603 1501 ego,
626 1420 742 1485 abillo
766 1440 838 1505 qnae
858 1421 937 1485 mihi

87 1550 97 1558 ·
139 1536 278 1621 petenda
290 1531 490 1610 essent,satis
503 1532 669 1598 audaciter
679 1542 788 1614 petere
800 1531 935 1614 possetne

139 1667 245 1730 neque
263 1646 338 1723 ille,
352 1652 403 1709 tot
417 1645 644 1727 suspicionibus
659 1652 817 1709 certorum
834 1646 938 1709 horni-

138 1779 217 1827 num
232 1757 265 1824 de
281 1758 396 1823 scelere
406 1760 630 1835 exulceratus,
647 1778 719 1843 quae
731 1746 836 1823 meum
855 1768 939 1823 tem·

138 1871 408 1959 proposuisset,
431 1870 504 1935 satis
521 1872 645 1953 prolixo
666 1871 746 1935 mihi
768 1872 938 1956 pollicere·

139 1993 205 2052 tur.
249 1984 335 2051 Data
360 2005 485 2050 merces
506 1984 551 2048 eii
575 1985 694 2049 erroris
718 1987 784 2051 mei
801 2002 977 2069 maguam

138 2097 328 2184 pontifices,
351 2106 390 2161 ut
406 2120 458 2162 me
473 2119 538 2161 non
556 2099 657 2163 solum
670 2099 780 2182 pigeat
794 2099 937 2164 stultitiae

89 2245 92 2253 ·
138 2231 239 2286 meae,
262 2210 314 2275 sod
336 2211 431 2275 etiam
453 2211 589 2292 pudeat:
614 2212 670 2294 qui
679 2256 690 2286 ‚
712 2233 786 2275 uum
807 2224 938 2279 menon
972 2262 976 2269 .

138 2324 343 2407 repentinum
357 2323 486 2407 aliquod
500 2343 606 2386 meum
620 2331 764 2404 tempus.
779 2326 831 2388 sed
848 2337 937 2390 vete·

138 2457 192 2504 ses
210 2436 315 2501 multo
339 2445 415 2500 ante
439 2436 571 2518 suscepti
595 2434 630 2500 δι
654 2434 770 2518 provisi
791 2438 938 2513 labores,

141 2569 218 2613 oum
240 2551 310 2616 viro
332 2546 498 2614 fortissimo
520 2547 553 2613 δι
571 2545 738 2611 clarissimo
758 2549 940 2632 conjunxis-

137 2662 229 2740 sent,
252 2660 310 2726 fim
322 2660 430 2746 passus
445 2662 534 2727 atati
548 2662 693 2728 amicitia
711 2661 857 2740 distrahi3
880 2684 939 2729 no-

133 2756 205 2859 ¹que
221 2776 452 2852 intellexerim,
475 2777 589 2858 quibus
608 2783 664 2839 aut
683 2782 720 2839 ut
735 2777 854 2859 apertis
875 2778 939 2841 ini-

136 2889 229 2957 micia
246 2887 444 2964 obfisterem‚
459 2897 517 2952 aut
529 2896 567 2950 ut
581 2886 732 2953 insidiosis
748 2889 859 2953 amicis
871 2910 937 2958 non

137 3001 314 3068 crederem.
359 3001 496 3069 Proinde
520 2999 664 3065 desinant
688 3002 859 3083 aliquando
884 3024 937 3069 me

134 3113 252 3181 iisdem
264 3113 464 3187 irrflammaro
473 3115 594 3179 verblsa
608 3114 700 3195 Quid
711 3112 768 3180 fibi
780 3114 836 3180 ilio
850 3117 938 3182 vulti

133 3227 252 3305 nescit,
269 3234 425 3312 quantum
438 3226 633 3292 auilorltate
648 3228 768 3300 valeat,
787 3248 869 3310 quae
886 3249 937 3296 rea

132 3339 280 3423 gesserit,
303 3358 367 3423 qua
381 3341 537 3422 dignitato
551 3338 589 3404 fit
603 3340 783 3407 restitutur.
808 3361 867 3408 cur
885 3364 938 3406 or·

132 3461 190 3523 uat
205 3474 290 3532 eunt,
301 3472 395 3536 aquo
410 3454 551 3520 desertus
566 3452 635 3519 esti
656 3455 726 3536 Ego
741 3475 817 3519 vero
833 3475 936 3537 neque
946 3472 980 3526 ro

132 3585 186 3639 suo
202 3575 272 3638 tum
292 3566 449 3639 desertum
467 3574 547 3657 puio
555 3614 567 3650 ,
590 3567 643 3638 sed
660 3586 752 3651 paene
770 3568 933 3651 deditum

691 3679 713 3750 s
736 3698 759 3771 s
