2384 4134
272 412 316 474 82
434 340 857 464 1οιιιιτιοιι.
982 474 986 479 ,

273 591 386 638 eorum
403 570 570 651 maxime,
594 570 735 656 quinon
757 571 792 635 ln
811 571 1012 650 cunabulis,
1034 571 1073 639 iel

272 687 307 751 in
326 706 439 769 compo
460 687 531 750 sunt
551 685 697 750 consuler
716 683 807 750 fasti.
852 686 947 750 Nulli
962 689 1074 770 popolo

273 799 420 864 Romano
438 819 495 883 pro
517 819 570 863 me
589 798 727 882 mojoreo
742 799 808 863 mei
821 798 1076 882 spoponderuntr
1108 878 1111 885 Ι

215 886 230 915 ⁹
272 913 354 978 mihi
371 892 533 977 creditum*
550 911 613 976 estc
642 930 662 976 u
680 931 733 976 me
753 920 883 995 petere,
910 917 1007 996 quod
1020 895 1077 979 'de-

271 1029 355 1102 beo,
390 1047 442 1091 me
461 1025 563 1108 ipsum
585 1025 748 1108 appellare
768 1026 904 1091 debetir.
951 1026 1077 1102 Quern-¹

209 1128 222 1153 ⁰
273 1141 472 1218 admodum,
501 1157 575 1203 cum
595 1138 773 1222 petebam,
802 1139 881 1239 pulli
906 1143 1076 1205 me·vobir

271 1251 422 1316 austores
440 1253 566 1336 generis
582 1253 647 1315 mei
664 1253 930 1316 commendarunt
936 1274 947 1329 ;
976 1250 1040 1329 fic,
1059 1250 1078 1317 i

270 1365 347 1449 quid
368 1366 555 1449 deliquero,
578 1366 679 1430 nullae
702 1364 773 1428 iunt
794 1364 982 1447 imagines,
1008 1386 1078 1453 que

201 1485 255 1576 37
271 1499 325 1544 me
343 1495 363 1542 ιι
384 1480 476 1544 vobio
496 1482 721 1563 deprecentur.
767 1477 904 1556 Quare,
925 1482 1032 1547 modo
1046 1486 1079 1545 ut

93 1678 99 1689 Ι
132 1666 134 1671 .
269 1595 336 1660 vitu
355 1591 522 1676 suppetere
549 1611 748 1676 quamquam
771 1612 831 1674 ego
851 1590 917 1655 ium
941 1592 1001 1672 ir,
1026 1593 1079 1677 'qui

268 1727 340 1772 eam
354 1704 465 1789 polirm
476 1707 516 1771 ab
528 1703 805 1782 istorumicelere,
827 1701 1079 1798 lnfidliiquede·

265 1798 415 1885 rendere:
437 1819 592 1902 polliceor
605 1819 668 1883 hoc
684 1819 785 1903 vobis,
803 1817 968 1907 Quirites,
993 1821 1079 1885 bonu

265 1931 348 1996 fider
371 1917 604 2015 rempublicem
620 1933 766 2015 vigilanti
779 1931 919 2009 homini,
942 1952 1016 1996 non
1037 1934 1081 1998 ti·

266 2025 381 2122 mido;
419 2023 585 2128 diligenti,
616 2064 682 2109 non
712 2044 829 2128 ignavo
860 2044 1078 2113 commififfle.

197 2183 247 2230 101
266 2158 337 2240 Ego
351 2159 380 2222 is
393 2158 518 2237 consul,
541 2159 599 2242 qui
615 2159 802 2222 concionem
820 2158 996 2224 metuam?
1019 2158 1078 2245 qui

263 2272 430 2336 tribunum
450 2273 552 2356 plebis
568 2270 826 2356 perhorrescam?
857 2271 916 2350 qui
931 2254 1019 2357 saepe
1041 2275 1078 2340 dr

262 2385 330 2452 fine
345 2384 440 2451 causa
454 2386 661 2453 tumultuet?
682 2385 740 2468 qui
757 2385 908 2461 timeam,
932 2404 976 2450 ne
990 2386 1078 2455 mihi

260 2501 295 2566 in
312 2519 441 2565 carcere
458 2499 667 2564 habitandum
684 2495 739 2576 fit,
761 2495 944 2562 fitribunur
963 2500 1075 2583 pleble

261 2615 338 2679 duci
351 2610 505 2696 julliffet‘d
533 2613 602 2694 Ego
617 2614 757 2677 nondum
775 2609 886 2677 vestris
900 2590 1002 2677 amu
1016 2633 1076 2679 ur·

260 2735 394 2802 metus,
427 2722 661 2808 infignibuique
690 2721 886 2809 amplillimis
907 2708 1073 2805 ornetur,

260 2839 414 2922 imperio,
439 2835 642 2917 auiloritate,
665 2858 729 2902 non
744 2839 855 2903 horrui
868 2839 902 2901 in
915 2838 1005 2902 hunc
1019 2840 1074 2904 lo·

260 2971 334 3015 cnm
351 2952 517 3035 progredi,
541 2951 693 3034 vobisque
709 2951 895 3019 rudioribus
912 2948 1073 3033 improbi·

258 3067 319 3129 tati
337 3066 478 3129 hominis
500 3062 659 3129 resistere:
681 3085 766 3128 nunc
786 3084 913 3142 vereor,
936 3084 978 3128 ne
996 3084 1071 3131 rer·

258 3180 397 3271 publica,
420 3166 519 3242 ran'trs
533 3180 658 3241 munita
673 3175 835 3260 praefidiis,
859 3173 898 3241 n'b
912 3177 978 3241 istis
991 3179 1080 3244 vinu.

260 3294 303 3367 ci,
327 3302 386 3358 out
404 3292 542 3375 opprimi
566 3288 680 3374 pollii?
709 3290 743 3355 Si
764 3301 858 3359 antee
872 3289 1066 3372 timuiffem,

256 3405 318 3471 hac
341 3406 511 3477 concione,
534 3404 596 3469 hoo
621 3408 760 3488 populo,
784 3414 871 3470 certe
890 3424 954 3468 non
970 3424 1067 3470 vere·

229 3537 320 3586 ηιιι.
368 3518 452 3596 Quis
470 3519 558 3586 enim
573 3535 732 3605 umquem
751 3530 821 3584 tum
833 3519 972 3585 secundo
983 3536 1067 3583 con·
