2384 4134
258 401 280 466 6
521 396 872 466 ORATIO.

261 580 420 656 quantum
438 570 587 637 estfitum
601 573 758 649 iambis,
782 573 816 638 δι
830 593 953 658 opem,
978 573 1013 640 &
1025 576 1078 639 sa·

235 688 362 751 alutem
379 689 463 751 ferre
480 689 648 769 debemus,
692 690 759 763 Ac,
782 707 823 750 ne
844 688 916 769 quis
938 707 960 750 a
977 691 1075 755 nobis

261 801 324 863 hoc
342 801 386 862 ita
408 800 471 862 dici
492 800 578 863 forte
598 801 754 875 miretur,
784 804 871 886 quod
891 801 959 864 alia
980 821 1076 887 quae·

263 916 337 977 dam
359 913 391 976 in
412 913 473 975 hoc
491 913 631 982 facultas
649 912 687 975 fit
705 913 847 993 ingenii,
870 933 982 995 neque
999 899 1076 980 haec*

264 1025 392 1097 dicendi
413 1027 496 1088 ratio
515 1024 571 1089 out
590 1024 774 1108 disciplina:
798 1046 840 1090 ne
857 1047 917 1090 nos
938 1029 1076 1109 quidem

175 1122 178 1131 ’
263 1138 340 1209 huic
360 1140 416 1199 uni
435 1137 539 1202 studio
561 1138 688 1217 penitus
707 1158 862 1221 umquam
882 1139 986 1203 dediti
1007 1143 1077 1207 fui-

264 1269 349 1315 mus.
393 1251 520 1313 Etenim
540 1271 651 1313 omnes
670 1261 776 1328 artes,
800 1272 873 1336 quae
892 1253 933 1318 nd
952 1253 1077 1318 homa·

148 1354 153 1371 '
263 1365 399 1428 nitatem
412 1365 591 1444 pertinent,
615 1365 734 1427 habent
746 1367 908 1446 quoddam
921 1343 1075 1430 commu·

265 1495 308 1540 ne
331 1477 516 1554 vinculum,
539 1475 573 1541 &
599 1475 685 1558 qnasi
709 1454 910 1559 cognatione
925 1481 1074 1561 quadam

227 1587 352 1653 2inter
377 1589 407 1653 se
429 1590 646 1654 continentur.
690 1586 753 1653 Sed
779 1610 820 1655 ne
846 1591 1074 1656 cul'vestnim

239 1683 382 1768 ³mirurn
398 1701 460 1766 esse
474 1703 638 1779 videatur,
660 1723 713 1766 me
726 1703 759 1765 in
773 1703 948 1788 quaestiooe
962 1705 1076 1787 legiti-

265 1836 342 1891 ma,
366 1813 592 1896 &injudicio
613 1814 763 1897 publico,
787 1837 861 1880 cum
882 1836 933 1881 rer
953 1826 1074 1899 agatur

265 1929 350 2009 apud
369 1936 538 2009 praetorem
559 1929 668 2009 popuii
690 1927 842 2007 Romani,
864 1910 1073 1996 leffiffimum

259 2039 388 2123 pirum,
412 2038 446 2104 ἂ
466 2041 550 2122 opud
576 2038 783 2106 severiffimoo
801 2041 950 2125 judicer,
974 2050 1072 2108 tanto

264 2161 428 2216 conventu
445 2151 614 2218 hominum
633 2173 672 2217 oc
695 2155 902 2240 frequentia,
930 2155 995 2220 hoe
1018 2156 1072 2220 uti

265 2284 386 2349 genere
400 2252 546 2342 dicendi,
569 2268 732 2350 quodnon
748 2270 844 2332 modo
858 2288 877 2331 a
895 2267 1073 2339 consuetu·

265 2381 342 2444 dine
358 2363 570 2461 jumentum,
593 2400 703 2444 verum
719 2381 851 2445 etimne
870 2379 987 2445 forenfi
1002 2381 1070 2446 ser-

265 2513 362 2557 mone
383 2492 579 2557 abhorrent:
608 2493 713 2576 quaeso
728 2493 872 2571 ovobis,
895 2501 933 2557 ut
950 2494 985 2556 in
1004 2495 1070 2558 hac

266 2605 358 2670 causa
378 2603 456 2668 mihi
470 2605 552 2670 detio
570 2603 655 2668 hanc
669 2607 814 2675 veniam,
838 2610 1070 2671 accommodo·

265 2725 334 2782 tam
348 2696 425 2780 huic
444 2734 517 2791 reo,
539 2717 649 2794 vobis,
672 2721 939 2802 quemadmodum
952 2720 1068 2803 spero,

192 2865 197 2875 ·
265 2851 331 2896 non
346 2830 526 2905 molestam
545 2840 583 2892 ut
595 2839 648 2897 me'
659 2850 717 2913 pro
730 2832 850 2896 summo
863 2835 955 2913 poiita
967 2842 1069 2915 atque

263 2939 473 3009 eruditissimo
487 2942 618 3007 homine
633 2944 813 3020 dicentem,
835 2946 896 3009 hoc
908 2946 1066 3010 concursu

263 3055 434 3120 hominurn
445 3053 751 3134 litteratissimorum,
765 3058 825 3122 hac
835 3057 937 3123 vestro
949 3059 1068 3123 horna·

262 3169 383 3246 nitate,
407 3168 470 3232 hoc
485 3171 624 3253 denique
639 3179 775 3253 pretore
793 3176 963 3261 exercente
975 3171 1067 3254 judi·

264 3281 378 3360 cium,
407 3281 636 3365 patiamini-de
662 3282 773 3349 studiis
792 3284 1003 3350 humanitatis
1025 3303 1067 3348 ιο

261 3381 441 3462 litterarum
464 3396 557 3473 paulo
577 3397 667 3477 loqui
684 3398 838 3475 liberium
870 3396 905 3464 ἀ
925 3399 959 3461 in
977 3397 1067 3480 ejus·

262 3509 351 3577 modi
360 3508 505 3598 persono,
514 3520 739 3598 quae,propter
747 3512 851 3579 otium
862 3530 900 3579 oc
911 3509 1081 3609 iindiom,¹
