2384 4134
270 418 313 497 m
481 366 856 478 onnrrorn

271 608 347 652 cum
369 589 408 651 ad
427 590 534 652 omnia
555 586 657 652 vestra
676 588 769 667 pauci
785 587 934 653 hominen
951 586 1085 677 cupidi·

270 702 347 765 tatis
363 702 474 764 oculos
491 699 696 782 adjeciiient‘l
720 720 781 761 non
798 721 853 762 eos
866 700 899 764 in
918 704 1043 784 primis
1053 710 1084 774 id

272 814 418 890 adiutos,
440 823 477 875 ut
491 834 531 877 ex
550 814 639 875 omni
655 812 796 877 custodia
814 813 927 877 veiirae
944 818 1084 885 liberta·

269 931 325 1007 tis,
348 949 387 991 ex
403 928 490 988 omni
505 924 669 1007 potestate,
691 920 868 1002 curatione,
892 934 1083 1009 patrocinio

269 1041 445 1108 vestrorum
471 1039 713 1103 commodorum
741 1037 799 1103 Cn.
821 1038 1003 1123 Pompeius
1027 1049 1082 1113 de·

135 1152 137 1157 ’
267 1152 465 1238 pelleretur?
503 1150 680 1229 Viderunt,
703 1149 736 1215 du
753 1136 877 1230 vident,
900 1151 1007 1240 fiper
1021 1161 1081 1225 im.

266 1267 472 1351 prudentiam
496 1263 656 1343 vestram,
687 1265 916 1347 negligentiam
943 1289 1079 1353 meam,

266 1382 372 1464 legem
386 1379 582 1460 incognitam
597 1377 801 1460 acceperitis3
825 1379 907 1456 iore,
925 1383 981 1447 uti
993 1386 1084 1469 post..

268 1515 326 1572 ea,
349 1493 484 1576 cognitio
502 1482 739 1567 infidiis,'cum
761 1491 962 1559 decemviros
985 1494 1099 1564 crea·¹

265 1607 351 1686 ritis,
373 1616 441 1670 tum
458 1603 544 1669 vitiis
559 1604 719 1680 omnibus,
742 1602 775 1667 ἃ
788 1604 960 1671 sceleribus
980 1596 1077 1696 legis,

267 1722 327 1788 Cn.
343 1718 486 1802 Pompeji
498 1714 679 1800 praefidium
696 1720 922 1799 opponendum
933 1726 1075 1804 putetia.

266 1835 311 1898 Et
339 1834 402 1896 hoo
428 1851 561 1915 parvum
586 1841 815 1911 argumentum
844 1834 935 1899 vobin
966 1838 1036 1905 erit
1056 1820 1095 1904 a¹

265 1946 362 2010 certia
376 1944 560 2009 hominibus
578 1943 839 2022 dominationem,
861 1942 1076 2029 potestatem·

266 2079 333 2142 que
356 2044 500 2123 omniurn
523 2076 631 2120 rerum
656 2059 785 2140 quaeri,
809 2077 891 2121 cum-
908 2059 1074 2143 videntia,

264 2193 360 2249 enm,
383 2191 482 2256 quem
504 2169 663 2253 custodem
687 2170 795 2234 vestrae
816 2171 978 2240 libertatis
1000 2178 1075 2244 fore

230 2333 233 2339 -
262 2287 410 2363 videant,
433 2290 596 2367 expertem
613 2280 684 2346 fieri
701 2283 890 2365 dignitatis?
940 2357 942 2361 ⁸

221 2410 254 2467 26
328 2399 514 2483 Cognoscite
532 2416 636 2485 nunc,
659 2415 733 2479 quae
752 2396 888 2478 potestas
903 2386 1073 2483 decemui·

261 2517 325 2593 ris,
348 2513 382 2579 dc
402 2520 521 2596 quanta
540 2512 645 2573 detur.
692 2509 833 2574 Primum
849 2511 920 2594 lege
937 2514 1072 2580 curtata

262 2628 463 2693 decemviros
482 2631 586 2687 ornat.
630 2623 701 2698 Jam
723 2623 784 2686 hnc
801 2624 1006 2704 inauditum,
1033 2628 1070 2693 δι

261 2741 356 2823 plane
371 2759 456 2802 novo
475 2754 585 2811 more,
609 2737 657 2798 uti
672 2737 795 2798 curiata
811 2736 882 2818 lege
899 2738 1071 2818 magistra·

260 2861 314 2916 tus
332 2853 441 2926 detur,
467 2850 522 2932 qui
541 2848 636 2912 nullis
650 2850 787 2912 comitiis
802 2858 877 2912 ante
896 2847 934 2912 nt
952 2853 1067 2917 datus.

261 2966 343 3028 Eam
368 2964 471 3045 legem
491 2963 530 3026 ab
549 2984 587 3026 eo
609 2972 766 3046 praetore,
795 2963 854 3044 ,qui
877 2960 915 3025 fit
937 2964 1066 3044 primus
1108 2948 1112 2957 ¹

259 3076 383 3154 iatius,
406 3077 480 3139 ferri
493 3074 597 3158 jubet.
640 3077 686 3139 At
700 3074 886 3157 quomodo?
908 3075 953 3138 Ut
966 3076 990 3138 ii
1006 3080 1068 3144 de·

115 3244 124 3271 ,
261 3192 474 3256 cemviraturn
495 3181 647 3266 habeant,
672 3207 751 3270 quos
771 3189 860 3271 plebs
878 3187 1065 3270 defignave·

257 3307 312 3368 rit.
357 3304 485 3366 Oblitus
505 3302 568 3380 est,
591 3290 698 3367 nultos
721 3303 761 3365 ab
781 3301 872 3384 plebe
892 3300 1065 3383 deignari.

257 3418 302 3480 lit
316 3415 344 3480 is
361 3419 469 3480 orbem
489 3427 648 3480 terrarum
668 3415 853 3496 constringit
868 3413 962 3479 novin
978 3415 1063 3498 legi·

251 3532 334 3606 bue,
365 3531 439 3616 qui,
470 3529 550 3614 quid
572 3529 607 3593 in
626 3528 763 3594 secundo
782 3530 886 3610 canite
909 3526 1062 3610 (crintum
1084 3618 1089 3625 Ι
