2384 4134
211 455 282 542 πᾶ
476 447 758 519 ounrro

217 631 260 696 ad
279 625 542 712 philosophorum
560 627 706 708 regulam
725 627 901 711 perduxit,
930 626 1026 693 (ἰτε-

220 744 333 807 culum
344 741 376 806 se
387 750 487 824 utque
500 739 639 804 otiolum
653 741 765 824 putari
778 741 900 818 voluit3
918 740 1026 806 studio
1042 722 1046 730 ¹

218 856 404 920 litterarum
415 852 447 918 se
463 853 567 919 subito
582 853 715 918 dedidit.
745 853 836 918 Nihil
850 855 924 919 lane
932 860 1027 921 Attae

222 965 387 1051 iuvabant.
418 964 619 1049 anagnostae,
640 967 742 1031 libelli
754 969 854 1032 etiam
869 986 929 1050 pro
946 969 1027 1034 vino

219 1082 303 1164 saepe
316 1081 628 1164 oppignrrrbanturr
650 1080 801 1145 manebat
817 1080 1029 1146 insaturabile

101 1220 104 1227 ·
221 1195 399 1270 abdomen,
415 1193 517 1277 oopiae
530 1190 736 1259 deficiebant.
772 1195 889 1278 Itaque
902 1193 1030 1278 semper

223 1308 404 1373 versabatur
427 1307 463 1371 in
483 1305 537 1390 spe
557 1324 668 1371 rerum
691 1323 875 1374 novurum:
904 1307 975 1372 otio
991 1306 1029 1374 dt

159 1419 214 1508 52
221 1421 456 1506 tranquillitate
475 1419 660 1503 reipublicae
677 1414 930 1485 consenescebat.
962 1422 1030 1487 an

222 1554 296 1621 quan
319 1533 433 1598 seditio
453 1551 609 1618 umquam
629 1533 718 1611 fuit,
740 1534 774 1596 in
796 1550 860 1619 qun
881 1535 1027 1600 non-ille

221 1649 370 1735 princeps
385 1647 403 1713 2
432 1647 529 1730 ecqui
543 1644 730 1722 seditiosus,
753 1648 808 1713 cui
821 1648 878 1712 ille
894 1667 962 1712 non
975 1649 1027 1714 la-

221 1760 388 1828 miliaria?
417 1778 531 1844 ecquae
555 1760 743 1825 turbulenta
765 1761 901 1840 concio,
930 1761 1027 1844 cuiun

220 1877 275 1941 ille
292 1895 357 1938 non
371 1871 578 1938 concitator?
605 1873 658 1935 eni
673 1872 755 1937 bene
770 1873 852 1937 dixit
867 1892 1027 1976 umpuam

220 1987 337 2063 bono?
365 1983 575 2050 benedixit?
602 1984 717 2061 immo,
739 2006 837 2070 quem
852 1988 974 2052 fortem
991 1987 1027 2054 d:

81 2162 85 2170 A
220 2086 344 2167 bonum
360 2098 465 2161 civem
480 2115 545 2161 non
564 2097 811 2180 petulantiffime
826 2099 871 2164 est
887 2098 1027 2166 inserta-

221 2210 302 2276 tun?
325 2212 398 2296 qui,
421 2219 459 2275 ut
473 2210 589 2287 oredo,
606 2231 671 2276 non
685 2212 826 2277 libidinis
840 2213 952 2291 causa,
973 2214 1027 2280 sed

221 2336 262 2392 ut
278 2325 434 2409 plebicola
450 2323 624 2400 rideretur,
637 2325 820 2390 libertinam
834 2327 928 2391 duxit
943 2346 1029 2392 uxo·

158 2452 208 2511 111
223 2460 303 2504 reru.
348 2439 383 2502 Ir
404 2437 446 2502 de
464 2457 517 2502 me
536 2434 726 2520 suffragium
745 2439 838 2515 tulit,
860 2440 889 2502 ir
909 2436 1026 2520 affuit,

220 2553 249 2616 ia
263 2552 412 2615 interfuit
423 2551 544 2635 epulis,
558 2547 592 2615 ὰ
606 2551 875 2634 gratulationibus
889 2554 1028 2635 parrici-

220 2667 351 2741 darumr
374 2665 489 2747 inquo
504 2671 614 2728 tamen
629 2662 674 2739 est
691 2682 743 2729 me
757 2665 859 2743 ultus,
876 2684 952 2729 cum
969 2667 1026 2732 illo

222 2795 279 2842 ore
296 2779 445 2843 inimicos
461 2776 507 2842 est
523 2796 614 2842 meor
632 2775 814 2855 suaviatur3
837 2779 913 2863 qui,
937 2777 1041 2863 qunti-

221 2907 294 2956 rneu
312 2892 408 2975 culpa
422 2891 507 2956 bona
521 2889 709 2974 perdiderit,
718 2891 764 2955 ita
777 2891 818 2956 ob
833 2908 907 2956 eum
923 2892 1027 2977 ipsam

222 3003 348 3067 oausam
365 3003 411 3068 est
426 2998 505 3070 milli
522 3003 698 3082 iuimicuaf
712 3005 791 3088 quia
810 3005 891 3069 nibil
912 3004 1025 3073 habet.

221 3111 341 3181 Utrum
362 3134 423 3199 ego
445 3117 506 3184 tibi
519 3116 750 3201 patrimonium
766 3118 893 3201 eripui,
915 3117 1025 3199 Gelli,

220 3249 263 3297 an
284 3240 322 3294 tu
343 3228 538 3297 comedisti?
565 3230 681 3313 quid?
709 3240 749 3295 tu
768 3250 842 3296 meu
858 3231 1026 3314 periculo,

219 3362 337 3427 gurges
353 3361 391 3408 uc
404 3362 524 3429 vorago
538 3344 736 3428 patrimonii,
745 3344 954 3424 belluabare;
973 3355 1025 3424 ut,

219 3455 244 3520 sr
264 3477 324 3540 ego
344 3457 452 3522 consul
468 3456 699 3541 rempublicam
711 3464 829 3541 ¹contra
846 3464 880 3521 te
897 3455 1025 3541 &gre-

216 3571 308 3656 gales
330 3578 408 3637 tuor
424 3567 655 3647 delendum,
676 3569 712 3636 in
731 3570 869 3637 civitate
885 3568 949 3637 affe
971 3590 1027 3639 na
