2384 4134
278 429 322 502 w
405 428 417 449 ·
480 413 860 485 oanr101u

277 609 342 655 non
358 607 414 655 eos
427 588 460 652 in
473 589 606 661 deorum
622 590 853 673 immortalium
870 612 1018 659 numero
1033 616 1069 659 re·

277 708 436 768 nerandos
453 721 472 764 a
487 703 579 767 nobis
596 702 630 767 dc
644 704 795 768 colendos
808 706 962 789 putatis?
1003 708 1071 783 Quid

277 820 363 882 enirn
379 815 554 881 viderunt?
576 816 657 894 hoc,
681 820 765 900 quod
777 839 862 882 nuuc
875 842 949 899 vos,
967 821 1073 904 quaeso,

276 930 464 1016 perspicite,
493 938 590 1010 atque
614 931 803 1013 cognoscite.
848 932 927 997 Non
952 936 1075 1019 ingene

275 1053 388 1107 rantur
403 1042 587 1106 hominibus
606 1063 711 1117 mores
726 1052 791 1106 tam
808 1061 827 1107 a
842 1044 940 1129 stirpe
958 1048 1077 1130 generis
1111 1118 1113 1123 ,

269 1170 313 1220 'ac
329 1157 475 1231 seminis,
504 1174 600 1236 qnam
616 1177 654 1220 ex
672 1157 712 1219 iis
727 1158 840 1235 rebus,
863 1179 939 1241 quae
960 1163 1007 1225 ab
1024 1160 1077 1245 ipsr

275 1281 394 1333 natura
407 1268 469 1332 loci
478 1312 488 1344 ,
512 1267 547 1332 dt
562 1286 581 1331 a
596 1269 672 1333 vitoe
686 1270 916 1336 consuetudine
931 1271 1079 1357 suppedi·
1109 1304 1115 1331 -,

218 1395 220 1399 ’
272 1391 397 1457 tantur,
420 1383 535 1463 quibus
554 1381 673 1445 alimur
695 1381 728 1446 dc
747 1384 898 1448 vivimus.
946 1386 1079 1453 Carthe-
1109 1406 1112 1413 ·

272 1495 446 1581 ginienses,
468 1494 712 1558 fraudulenti&
729 1499 918 1574 mendaces,
941 1520 1018 1565 non
1032 1520 1080 1585 ge·

272 1629 368 1686 nere,
391 1610 442 1671 sed
461 1619 576 1670 natura
593 1607 672 1684 loci,
695 1611 797 1690 quod,
821 1619 955 1692 propter
970 1624 1080 1697 portus

271 1722 362 1799 suos,
380 1721 496 1783 'multis
514 1718 548 1783 de
571 1721 667 1784 variis
685 1714 899 1794 mer'catorum
919 1716 956 1789 dt
984 1727 1080 1791 adse

269 1856 383 1899 narum
400 1834 610 1907 sermonibus,
633 1835 673 1896 ad
686 1832 824 1898 studium
837 1837 994 1917 fallendi,
1021 1838 1080 1903 ilu-

270 1949 324 2012 dio
336 1946 472 2028 quaestus
491 1946 697 2010 vocabantur.
742 1947 894 2029 Ligures,
916 1950 1080 2029 mdntsnl,

271 2060 344 2122 duri
363 2067 461 2141 atque
480 2057 642 2157 egresse&
667 2060 778 2123 docuit
794 2079 870 2143 ager
887 2061 955 2143 ipse
962 2055 1080 2141 ,nibil

168 2154 172 2159 ⁸
268 2174 420 2249 serendo,
442 2168 499 2234 nlfi
513 2173 617 2236 multa
638 2172 765 2235 cultura
781 2156 815 2237 d'z
832 2176 1080 2256 magno'labore

269 2284 447 2371 quaefitum.
491 2284 668 2368 Campani,
690 2284 812 2368 semper
833 2284 962 2369 superbi
983 2290 1080 2355 boul·

267 2410 336 2465 tate
349 2384 513 2482 agrorum,
534 2394 746 2476 urrunnun
758 2399 995 2481 magnitudine,
1018 2404 1085 2467 rar-¹

218 2562 224 2583 ,
264 2514 314 2579 bis
337 2514 540 2590 salubritate,
563 2511 796 2594 descriptione,
818 2511 1075 2593 pulchritudine.
1097 2508 1099 2513 ’

182 2659 189 2670 -
265 2627 316 2690 Ex
331 2627 391 2707 hae
407 2627 516 2708 eopia,
539 2631 637 2706 atque
651 2625 795 2687 omnium
811 2644 917 2688 rerum
932 2623 1077 2691 affluen-

265 2740 330 2815 tia,
353 2740 491 2820 primum
505 2738 562 2800 illa
576 2739 651 2798 nata
667 2736 757 2800 sunt:
780 2738 973 2820 arrogantia,
997 2758 1075 2821 quae
1114 2740 1115 2769 l

266 2869 286 2914 a
301 2849 473 2931 majoribus
491 2847 606 2912 nostris
624 2848 762 2912 alterurn
782 2853 892 2934 Capua
907 2850 1075 2917 consulem

211 3009 214 3016 -
266 2963 456 3047 postulavlta
487 2962 601 3025 deinde
623 2981 663 3024 ea
687 2962 849 3039 luxuries,
872 2982 945 3046 quae
966 2963 1074 3047 ipsum

269 3076 495 3153 Hannibalem,
515 3075 612 3138 aruris
625 3073 805 3139 etiamtum
819 3074 985 3154 invidum,
1012 3095 1074 3141 vo·-

223 3191 392 3272 9nluptate
407 3188 497 3254 sicin
529 3188 603 3252 Huc
617 3187 667 3250 isti
681 3188 855 3254 decemviri
869 3209 941 3252 cum
954 3208 1073 3256 nume·

268 3302 340 3367 rur'n
366 3304 555 3365 colonorum
579 3322 620 3365 ex
645 3303 716 3383 lege
743 3300 829 3364 Rulli
855 3302 1071 3383 deduxerint,

264 3427 395 3481 centum
412 3416 612 3492 decuriones,
628 3416 739 3478 decem
756 3433 906 3496 augures,
923 3416 974 3478 se'x
987 3434 1072 3497 pon·

263 3530 367 3596 tifices
391 3527 639 3596 constituerinta
667 3547 752 3614 quos
772 3528 908 3616 luorum
924 3528 1075 3608 animus,
