2384 4134
346 341 448 409 PRO
487 339 524 409 C.
555 324 801 407 RABIRIO.
941 353 1002 458 95Ι

179 527 336 608 perpetua
350 515 546 582 consuetudo
555 553 572 591 ,ι
589 516 630 579 ad
647 513 683 580 C.
694 512 860 579 Rabirium
872 512 985 579 deien-

186 637 328 699 denduru
345 631 388 695 cll
404 632 588 694 adhortata:
614 636 682 692 turn
699 646 798 705 vero,
820 635 857 691 ut
869 629 902 693 ld
918 629 987 694 stu·

183 744 351 813 dioilllrne
370 744 528 819 facerem,
551 741 633 805 lalus
647 742 849 824 reipublicae,
872 741 986 807 cunsu-

154 839 156 843 ’
183 861 253 927 lere
266 834 426 934 officiuru,
449 855 632 919 consulatur
650 857 787 937 denique
799 855 882 938 ipse,
904 855 987 920 milri

183 992 253 1038 uua
274 972 434 1037 vobiscum
461 989 537 1033 cum
561 967 662 1068 salute
687 968 870 1050 reipublicae
894 989 989 1032 corn-
1065 1049 1068 1053 ,

183 1089 382 1162 mentiatur,
405 1084 519 1165 co'e'git.
567 1083 640 1148 Non
660 1081 803 1146 enimc.
823 1083 989 1148 Rabirium

186 1195 419 1281 culpedelidii,
441 1217 505 1260 non
518 1192 640 1260 invidia
654 1194 748 1269 vitae,
770 1215 835 1259 non
851 1196 990 1280 denique

187 1323 331 1386 veteres,
352 1308 458 1392 juste,
473 1310 651 1391 gravesque
664 1308 841 1373 inimicitiae
855 1311 1008 1391 civium,;

186 1425 223 1490 in
242 1424 409 1488 discrimen
424 1422 539 1503 capitis
553 1429 767 1486 vocaveruntr
790 1423 841 1486 sed
860 1425 992 1489 utillud

181 1524 350 1603 Ιἐιιιιιιίιιιιι
371 1536 529 1600 auxilium
548 1533 719 1617 majestatis
733 1543 831 1618 atque
843 1537 991 1620 imperii,

191 1653 280 1736 qnod
294 1649 387 1714 uobis
403 1637 609 1730 amajoribus
625 1647 670 1711 est
687 1641 862 1728 traditum,
884 1654 924 1715 de
940 1669 993 1716 re·

187 1765 320 1850 publica
335 1764 530 1827 tolleretur:
558 1772 596 1825 ut
611 1761 691 1825 nihil
707 1762 835 1842 posthac
852 1762 995 1828 austori-

189 1885 240 1943 taa
257 1877 402 1954 senatus,
423 1875 504 1939 nihil
521 1874 686 1939 consulere
700 1875 890 1958 imperium,
913 1877 995 1943 ninll

189 1988 351 2057 couleufio
374 1992 533 2053 bonorum
558 1997 671 2055 contre
690 1989 809 2072 pestem
829 2009 868 2054 uc
887 1991 995 2074 perni-

189 2107 277 2170 ciem
300 2102 439 2166 clvitntio
457 2103 599 2180 valeret3
620 2102 741 2166 idcirco
763 2101 816 2183 [ln
834 2104 883 2168 hir
899 2084 996 2171 rebua

190 2215 390 2299 evertendis]
406 2214 506 2280 uulua
518 2215 657 2284 hominia
676 2215 837 2293 seneclus,
859 2217 996 2282 iufirmi-

192 2337 265 2407 tas,
288 2328 490 2410 solitudoque
510 2337 633 2394 tentata
656 2329 712 2393 eli.
758 2330 1021 2408 Quamobrem,3

141 2500 143 2504 .
194 2441 221 2510 fr
235 2443 280 2510 est
296 2443 373 2508 boni
389 2442 529 2506 consulis
534 2487 547 2519 ,
570 2463 644 2518 oum
662 2439 778 2506 cuneta
794 2443 915 2508 auxilia
932 2444 1007 2510 rei-³

193 2559 330 2644 publicae
342 2552 541 2633 labefastarl,
556 2557 757 2637 convellique
770 2557 889 2634 videat,
912 2559 998 2625 ferre

194 2690 289 2755 opem
313 2670 444 2751 patriae,
467 2669 649 2752 succurrere
667 2669 779 2748 saluti,
800 2671 1000 2754 fortunisque

194 2785 438 2860 communibus,
461 2782 887 2865 implorareciviuurfidem,
909 2785 999 2850 suam

188 2898 329 2964 salutem
344 2896 549 2980 posteriorem
563 2894 663 2960 salute
679 2898 844 2962 communi
860 2900 997 2976 ducerer

192 3010 241 3078 est
261 3012 359 3091 etiam
377 3010 536 3072 bonorum
552 3007 586 3072 dr
604 3010 736 3074 fortium
753 3011 896 3089 civium,
919 3030 1000 3096 qun·

171 3125 245 3206 ¹ler
267 3144 325 3188 voe
350 3123 501 3187 omnibus
523 3122 707 3203 reipublicae
726 3126 925 3207 temporibus
943 3147 1002 3191 ex·

194 3237 336 3314 finistis,
359 3236 576 3300 intercludere
589 3255 703 3300 ornnes
713 3235 901 3302 seditionum
918 3238 1001 3318 viae,

197 3351 326 3416 munire
341 3346 484 3432 praefidie
494 3350 688 3431 reipublicae,
711 3351 867 3415 summurn
879 3338 911 3416 in
924 3373 1003 3417 con·

195 3464 318 3532 iullbur
333 3462 523 3549 imperium,
547 3463 707 3530 summum
724 3464 760 3530 iu
774 3464 884 3532 senatu
901 3463 1001 3532 confi·
