2384 4134
222 416 232 427 ’
327 359 423 457 nno
454 379 503 456 n
524 389 755 465 uvnnun.
881 410 943 457 201

144 574 319 653 patronum
337 565 439 633 decise
458 567 642 632 voluerunt.
686 566 757 645 Ego
776 583 870 642 vero,
893 564 947 648 iu·

139 680 252 757 dioec,
274 679 338 765 ipsc
353 701 404 744 me
418 679 630 744 exiiiImrrem
646 679 816 756 netarium,
833 675 946 741 fiami-

146 813 204 870 co;
228 792 410 868 crudelem,
431 790 600 869 fimiser03
622 790 809 874 superbum,
831 788 962 854 finon-'-

145 905 208 970 suli
224 903 402 989 deiuiffem,
433 904 542 981 Quare
556 906 794 988 quorumdum
808 902 851 967 est
864 904 947 967 nmi-

146 990 256 1094 citiae,
277 1005 366 1101 lorge
381 1017 510 1082 dabitur
524 1036 543 1081 e
558 1038 630 1094 me,
653 1025 689 1080 ut
709 1026 815 1080 tecum
835 1035 945 1098 egum,

147 1129 266 1210 Servi,
287 1150 352 1194 non
377 1129 487 1207 secus,
516 1147 554 1222 rc
573 1127 597 1193 fi
618 1150 710 1194 meur
731 1128 807 1194 effet
828 1131 947 1208 irater,

147 1244 207 1328 qni
222 1243 301 1308 mihi
322 1242 366 1307 est
384 1239 581 1320 cariffimur,
607 1241 664 1305 iiio
688 1243 722 1305 in
738 1243 830 1307 loco:
861 1243 948 1326 quod

146 1357 355 1424 tribuendum
369 1355 414 1420 eit
428 1353 546 1431 officio,
567 1353 656 1432 fidei,
678 1354 836 1437 religioni,
858 1356 948 1420 idite

148 1470 349 1544 moderabor,
372 1477 411 1533 ut
424 1467 640 1545 meminerim,
662 1488 714 1532 me
729 1475 840 1531 contra
853 1468 950 1534 amici

148 1581 289 1647 studium
303 1600 362 1664 pro
378 1581 473 1645 amici
490 1580 633 1665 periculo
649 1582 767 1646 dicere.
831 1668 835 1673 ἡ
902 1613 905 1618 -

214 1676 383 1777 Intelligo,
404 1693 548 1774 judicer,
570 1701 637 1757 tres
655 1694 755 1757 totius
777 1689 987 1776 accusatio-5

147 1805 201 1873 nin
215 1814 321 1890 purten
335 1807 443 1885 fuine,
455 1806 489 1872 δι
502 1826 613 1873 eorum
624 1786 722 1872 unam
733 1806 766 1871 in
779 1808 950 1890 reprehen·
963 1789 995 1835 ¹¹

122 1954 130 1973 ι
149 1917 237 1983 fiune
252 1920 338 1997 vitae,
362 1921 497 1984 niteram
510 1921 542 1983 in
555 1920 761 1985 contentione
774 1920 959 2002 dignitatis,-

149 2033 280 2097 trrtiam
294 2033 328 2096 in
347 2033 534 2097 criminibus
550 2034 690 2098 ambitus
706 2031 768 2098 effe
783 2034 951 2098 versutam.

149 2146 259 2228 Atque
272 2146 388 2209 harum
403 2145 502 2209 trium
518 2146 657 2228 partium
672 2147 775 2229 primo
792 2146 865 2223 illo,
878 2164 952 2228 quae

149 2255 330 2349 graviffime
352 2254 414 2321 esse
439 2257 599 2339 debebat,
613 2257 659 2321 ita
679 2259 742 2321 tuit
764 2257 892 2322 infirma
916 2257 952 2323 ὅ(

108 2380 127 2390 ““
149 2372 243 2446 levis,
266 2370 389 2434 utilior
405 2370 457 2434 lex
470 2370 572 2452 magis
586 2370 733 2452 qoaedam
746 2369 952 2447 accusatorie,

150 2502 248 2567 quam
266 2502 343 2547 vera
371 2482 582 2546 maledicendi
602 2484 738 2546 facultas
760 2483 801 2546 dc
824 2483 890 2546 vita
912 2484 950 2547 L.

85 2603 87 2609 ’
150 2596 294 2661 Murenae
309 2591 419 2660 dicere
428 2596 549 2678 aliquid
563 2597 715 2677 coeperit.
759 2592 893 2677 Objesta
907 2593 952 2660 eit

150 2708 238 2775 enim
255 2707 345 2773 Aia:
377 2728 452 2791 quae
472 2708 513 2772 ab
531 2708 594 2772 hoc
610 2729 676 2773 non
695 2709 735 2772 ad
754 2710 953 2792 voluptatem

151 2820 187 2886 ἃ
203 2822 365 2887 luxuriam
385 2821 527 2905 expetita
541 2820 585 2886 est
592 2866 604 2899 ‚
627 2798 677 2885 seri
699 2820 733 2884 in
755 2821 887 2887 militari
907 2822 956 2888 lr-

149 2936 229 3000 bore
243 2941 423 3016 peregrata.
457 2934 513 3018 qui
533 2933 555 2997 fi
572 2933 769 3013 adolescens,
790 2942 881 3017 patre
899 2934 955 3000 suo
1080 2954 1083 2958 ·

150 3046 364 3128 imperatore,
387 3067 451 3110 non
471 3045 653 3124 merutiiet3
677 3056 733 3110 nut
747 3046 881 3126 hostem,
899 3054 980 3119 aut;

85 3212 89 3219 .
150 3158 252 3245 patrie
264 3158 435 3241 imperium
449 3158 600 3237 timuisse,
623 3167 956 3243 eutaparenterepu-

150 3273 258 3337 dirtos
275 3272 452 3338 videretur.
497 3274 572 3349 An,
595 3293 668 3336 cum
692 3272 801 3337 sedere
816 3273 851 3336 in
864 3274 956 3356 equis

149 3385 417 3466 triumphantium
429 3386 614 3468 praetextati
630 3384 822 3467 potiffimum
835 3385 896 3450 filii
907 3371 958 3448 io·
1042 3432 1044 3437 -

148 3497 255 3581 leont,
278 3496 355 3565 huic
380 3497 475 3565 donis
494 3498 690 3565 militaribus
714 3499 815 3580 patris
840 3498 957 3565 triom-

705 3610 784 3696 Ns
