2384 4134
206 375 272 460 3⁶2
466 372 754 441 ounrro
832 380 834 385 ·

206 551 258 617 sed
278 568 408 636 poenarn
430 550 568 613 ambitus
585 567 657 613 eam
678 551 838 631 ferebat,
863 572 944 639 quar
962 555 1022 621 tre-¹

206 675 258 731 rat
270 680 371 751 nuper
380 664 592 747 superioribus
604 663 729 745 legibue
740 666 945 747 constituta.
966 672 1016 735 lta·

205 801 268 864 que
284 780 346 843 hae
360 778 544 860 rogatione,
566 797 633 841 nou
646 770 800 859 judicum
818 781 1017 859 sententian,

203 895 256 959 sed
269 893 349 977 legia
364 892 481 959 vitium
495 890 686 974 corrigebat.
734 892 851 959 Nemo
864 894 1018 978 judieiun

204 1004 424 1092 reprehendit,
447 1025 522 1069 cnm
538 1006 579 1071 de
593 1022 691 1089 poena
706 1008 887 1089 queritur,
913 1009 969 1076 sed
981 1010 1018 1075 le·

203 1143 289 1205 genn.
319 1121 481 1186 damnatio
496 1118 584 1184 enim
599 1116 645 1183 eli
662 1117 834 1200 iudicum,
859 1142 943 1207 quae
960 1140 1021 1189 rua-¹

160 1236 325 1313 dpnebat3
354 1250 450 1316 poena
474 1232 580 1315 legin,
611 1249 683 1314 quae
704 1232 897 1302 levabatur.
950 1234 1017 1303 Noll

202 1349 302 1431 igitur
322 1348 446 1411 animus
466 1364 583 1411 eorum
606 1344 775 1423 ordiinum,
799 1347 862 1431 qui
877 1350 1022 1433 praesuut·

201 1461 330 1547 iudicilr
350 1460 471 1525 summa
493 1479 570 1524 curn
591 1458 753 1543 gravitate
773 1456 1016 1545 dr--dlgnltate,

200 1578 342 1641 alienare
358 1592 377 1636 a
396 1571 500 1638 cansa.
529 1592 625 1638 nemu
641 1570 839 1639 lnbenttere
856 1574 1015 1658 iudleiun

198 1690 245 1756 est
261 1696 407 1753 conatur.
436 1686 517 1751 nihil
529 1686 574 1752 est
587 1685 740 1770 ejusmodi
752 1690 1013 1773 promulgetuu.

200 1802 335 1883 Semper
354 1800 502 1867 caecilius
519 1802 553 1865 in
571 1799 755 1865 calamitate
770 1800 957 1867 iratrir.sni
968 1802 1014 1887 ju·

201 1917 308 1979 dicum
326 1914 510 1997 potestatem
526 1916 796 1997 perpetuandam,
819 1914 907 1997 legis
925 1935 1013 1981 neer-

163 2030 331 2122 gbltatem
352 2028 560 2110 mitigandam
581 2028 718 2110 putavit.
760 2023 826 2090 Sed
847 2030 935 2112 quid
955 2048 1022 2113 ego·

200 2144 240 2207 de
263 2142 325 2205 hoe
346 2144 438 2225 plura
464 2142 618 2225 disputem
627 2140 651 2225 2,
687 2140 834 2204 Dicerem
859 2141 1014 2221 fortaffe,

199 2255 235 2321 dr
253 2256 347 2320 facile
364 2254 397 2320 dr
412 2257 547 2319 libenter
559 2255 711 2318 dicerem.
742 2252 773 2314 Sl
787 2254 901 2335 panllu
912 2257 1013 2321 etiarn

197 2371 346 2455 longius,
370 2387 468 2453 quam
491 2368 564 2431 linia
584 2368 763 2450 quotidiani
781 2364 885 2431 officii
902 2369 1013 2451 postu·

197 2484 263 2564 iat,
287 2485 391 2569 pietus
416 2480 448 2545 dr
473 2482 637 2544 fraternus
661 2500 750 2542 arnor
774 2480 811 2544 L.
836 2479 1009 2565 Caeeiiluur

197 2595 379 2679 protuliffet
389 2618 399 2673 3
410 2594 613 2677 implorarem
626 2594 732 2657 sensus
742 2592 860 2657 velirne
870 2618 880 2672 ;
892 2596 1012 2661 uniue-

198 2712 354 2797 cujusque
374 2707 606 2791 indulgentiam
628 2708 661 2769 in
683 2708 754 2771 suna
774 2707 926 2785 testatem
952 2728 1011 2793 pe·

196 2822 304 2891 terem
327 2832 433 2893 errato
456 2822 583 2888 veniam
611 2820 649 2886 L.
672 2821 792 2886 Caecilii
813 2842 854 2885 ex
883 2822 1010 2887 intimis

197 2933 314 3005 vestrl:
337 2937 603 3022 cogitationibus,
626 2942 721 3015 atque
738 2955 778 2997 ex
802 2934 1011 3001 humanitate

161 3050 380 3117 lseommnnt.
422 3051 490 3115 Lex
512 3050 580 3116 diee
603 3046 664 3111 fuit
685 3044 842 3128 proposita
863 3066 1008 3127 panton

193 3150 281 3224 ferri
297 3172 405 3249 eoeptu
421 3180 613 3246 numquama
634 3156 733 3241 pnite
754 3158 798 3224 est
818 3160 853 3224 iu
873 3160 1022 3241 senatu-¹

194 3278 362 3353 populum
379 3278 561 3344 Romanurn
574 3276 677 3339 latuit
723 3273 803 3337 Cum
819 3272 854 3336 iu
876 3273 1010 3357 Capitu-

192 3374 286 3452 llum
310 3413 372 3464 nos
392 3395 534 3460 leuatum
554 3384 832 3461 condemnenus,
860 3385 942 3451 nihil
961 3385 1025 3453 el’t

188 3486 319 3577 ‘stum
338 3515 455 3605 priua,
476 3490 1039 3577 drldrenandaxtninlleu,urrann¹

515 3840 617 3862 affl.
