2384 4134
280 374 325 453 ro
535 386 841 464 ‚ORATIO‘
921 421 925 428 ·

280 565 449 650 publioao3
479 581 561 646 quau
577 555 694 629 Ittlico¹
710 565 813 643 lello,
834 562 967 631 incenso
988 566 1085 632 toln·

278 683 377 758 lario,
389 675 530 744 interisse
542 676 796 744 scimuromner.
824 677 879 744 Est
892 679 1084 760 ridiculum,

274 799 320 861 'od
336 814 396 872 εει,Ι
413 810 488 877 quae
503 792 676 870 habemus,
697 794 779 858 nihil
792 793 933 871 dicere3-
951 814 1083 878 quaere·

275 931 334 985 ro,
355 925 428 991 quae
443 905 561 971 habere
581 925 646 970 non
660 906 840 990 possumus:
864 905 900 972 δι
915 909 958 976 de
972 909 1080 974 homi·

251 1026 255 1036 '
272 1016 355 1089 'num
370 1019 527 1085 memoria
540 1016 666 1096 tacere,
688 1021 869 1084 litterarum
881 1024 1079 1088 memoriam

274 1137 438 1219 flagitare:
462 1130 516 1211 δι,
532 1152 606 1198 cunr
622 1133 742 1198 habea·
758 1133 937 1219 amplissimi
949 1137 1013 1199 viri
1027 1157 1080 1202 re·

271 1251 435 1332 ligionem,
446 1247 643 1329 integerrimi
659 1247 825 1332 municipii
836 1248 1077 1331 jusjurandum,

272 1363 461 1447 fidemque,
491 1379 550 1438 en,
578 1375 654 1444 quae
675 1361 843 1443 deprauari
863 1363 953 1426 nullo
975 1367 1073 1427 modo

271 1475 416 1562 possunt,
440 1475 627 1559 repudium
653 1474 778 1539 tabulas
785 1520 795 1552 ‚
817 1493 897 1558 quos
915 1476 1002 1539 idem
1025 1479 1073 1541 di-

246 1593 322 1665 9cis
336 1591 436 1654 solere
450 1589 611 1672 corrumpi
619 1633 629 1665 ‚
644 1585 830 1652 desiderare.
874 1590 921 1652 At
934 1591 1073 1653 dornici-

270 1708 352 1772 lium
373 1704 407 1766 in
424 1702 520 1766 Italia
539 1722 604 1766 non
621 1702 735 1765 habuit
750 1701 800 1778 is,
830 1701 887 1785 qui
908 1706 1073 1769 totnonis

268 1828 343 1884 ante
357 1815 521 1879 civitatem
536 1815 662 1888 datam,
682 1814 787 1879 sedem
802 1815 946 1879 omnium
960 1838 1072 1883 rorum

268 1952 307 1996 ac
322 1932 525 1994 fortunarum
539 1925 667 1991 suarum
681 1928 793 2031 Romae
808 1930 1005 1994 collocavit?
1024 1933 1072 1996 At

267 2062 333 2108 non
348 2038 392 2105 est
407 2022 572 2123 professus.
596 2039 702 2105 Immo
716 2061 793 2106 vero
808 2041 848 2105 ils
862 2044 979 2107 tabulis
993 2064 1070 2127 pro·

266 2155 381 2231 sessus,
398 2160 471 2236 q'uae
484 2152 557 2217 solae
571 2153 680 2219 exilia
694 2152 899 2237 professione,
915 2159 1071 2241 collegio·

267 2254 332 2356 que
348 2275 522 2353 praetorum
528 2312 539 2344 ‚
563 2267 708 2334 obtinent
722 2268 925 2356 publicarum
938 2272 1069 2336 tabula·
1088 2302 1090 2307 v

230 2397 254 2483 5
267 2406 338 2452 rum
355 2379 594 2446 austorltntem.
641 2380 726 2445 Nam
741 2401 814 2445 cum
829 2383 927 2466 Appii
944 2385 1066 2450 tabulae

265 2494 481 2582 negligentius
501 2492 665 2558 asservatae
689 2495 889 2572 dicerentur,
913 2490 1065 2577 Gabinii,

265 2610 423 2697 quamdiu
435 2606 605 2672 incolumis
618 2607 699 2685 suit,
711 2602 823 2672 leuitas
831 2654 841 2685 ‚
850 2608 918 2691 post
931 2613 1066 2675 damua-

263 2726 383 2789 tionem
404 2718 589 2795 calamitas,
613 2739 739 2784 omnem
759 2723 943 2787 tabularum
964 2722 1064 2791 fidem

261 2832 469 2920 resignasset:
505 2832 680 2907 Metellus,
710 2835 808 2913 homo
835 2834 1085 2916 faustissimum·

261 2942 571 3029 modestissimusque
593 2946 758 3024 omnium,
780 2956 871 3011 teuta
895 2950 1064 3031 diligentia

261 3065 342 3136 fuit,
367 3070 403 3124 ut
417 3061 455 3124 ad
471 3058 508 3124 L.
527 3059 701 3125 Lentulum
717 3070 889 3142 praetorem
904 3060 939 3127 n:
956 3060 996 3126 ad
1008 3063 1063 3147 ju·

260 3179 348 3243 dices
375 3172 522 3249 venerit,
553 3172 588 3237 &
607 3174 706 3236 unlus
738 3177 878 3238 nominis
908 3176 1006 3239 litura
1030 3177 1062 3243 se

260 3297 460 3359 commotum
479 3276 542 3350 effe
565 3286 693 3350 dixerit.
740 3286 801 3352 His
824 3288 924 3372 igitur
942 3290 1063 3354 tabulis

168 3444 171 3449 ·
260 3407 381 3471 unllam
398 3401 527 3464 lituram
545 3400 579 3464 iu
599 3419 716 3464 nomeu
735 3400 777 3464 A.
797 3394 912 3477 Licinii
929 3403 1061 3469 videtis.

217 3519 344 3599 10Quae
361 3535 436 3582 oum
450 3512 499 3579 lto
516 3509 602 3594 snut,
625 3514 703 3599 quid
723 3511 793 3593 est,
816 3515 903 3599 quod
927 3516 967 3581 de
989 3514 1061 3600 ejus
