2384 4134
212 368 264 442 '90
480 356 761 426 ORATIO
828 362 830 367 '
920 350 922 354 ’

222 541 300 611 oec',
315 553 387 619 quae
402 530 463 598 {int
477 520 512 597 io
521 533 576 597 illc
592 516 777 616 reipuplicae
790 530 925 598 flammo
939 531 1021 616 genn

206 626 333 713 ''contrn
347 649 703 742 me,nequequomodo
711 694 721 725 ,
732 665 838 729 neque
852 665 915 729 per
930 628 1021 730 quor,

165 766 168 771 ⁴
220 763 481 848 patefaciundum
505 761 583 824 mihi
606 758 668 824 esse
688 759 837 824 arbitror.
884 757 922 824 Si
947 761 1023 826 utiie

222 856 500 960 reipublicaeiuit,
516 873 645 939 haurire
661 894 710 937 me
725 894 824 938 unum
840 892 902 958 pro
920 873 1024 938 omni·

213 992 284 1056 'bus
300 984 642 1071 illumindigniiiimam
660 988 899 1065 calamitatem
924 990 1024 1053 etiarn

221 1106 285 1169 hoc
306 1102 387 1167 utile
409 1099 463 1179 fit,
486 1120 624 1184 quorum
647 1102 680 1165 id
704 1101 821 1165 scelere
843 1100 1024 1165 confictum

221 1215 277 1293 srt,
300 1236 352 1280 me
373 1212 585 1280 occultare&
604 1220 741 1279 taceret.
767 1213 853 1278 illud
875 1234 963 1279 vero·
978 1212 1024 1280 est

220 1329 362 1396 hominis
379 1326 511 1410 ingrati,
527 1334 646 1391 tacere.
685 1328 802 1410 Itaque
816 1324 1023 1393 libentiffinre

219 1443 419 1531 praedicabo,
435 1442 493 1508 cn.
505 1440 690 1524 Pompejum
706 1439 810 1505 iiudio
825 1437 859 1505 dt
876 1439 1024 1505 austori-

218 1568 306 1637 tute,
328 1574 420 1639 aeque
435 1562 473 1618 ut
486 1534 752 1638 unumquemque
767 1553 906 1617 vestrim
915 1599 927 1630 ,
952 1555 1024 1638 opi·

218 1675 301 1748 bus,
324 1668 545 1745 contentione,
568 1667 733 1748 precibus,
750 1668 906 1749 ¹periculis
929 1668 1022 1734 deni·

158 1793 209 1855 12
222 1806 302 1870 que,
318 1782 479 1866 praecipue
492 1800 548 1863 pro
567 1778 665 1843 salute
679 1798 750 1842 mea
762 1779 928 1845 laboraffe.
955 1782 1018 1845 Hic

218 1899 302 1972 tuis,
322 1898 354 1960 P.
366 1892 523 1968 Lentule,
541 1912 614 1956 cum
631 1900 667 1954 tu
683 1892 762 1955 nihil
776 1893 882 1972 alind,
898 1895 971 1958 dier
984 1893 1019 1961 &

218 2009 345 2079 notior.
361 2004 418 2070 nist
433 2007 473 2070 de
487 2004 586 2069 salute
601 2024 672 2069 mco
686 2005 860 2088 cogitnreo,
876 2007 1019 2077 confiliir

218 2124 366 2188 omnibus
379 2119 543 2185 interfuit:
560 2118 612 2182 hic
623 2119 680 2182 tibi
693 2115 889 2200 groviffimuo
903 2119 1020 2186 audior

218 2240 258 2303 ad
274 2233 498 2299 instituendam
507 2276 518 2308 ,
538 2228 734 2296 fideliffimus
749 2231 855 2295 socius
870 2236 911 2297 ad
926 2256 1019 2299 com·

216 2352 408 2437 parandum,
431 2342 615 2412 fortiffimur
635 2343 763 2425 adjutor
778 2345 817 2409 ad
833 2364 901 2408 rem
917 2347 1018 2431 perfi-

218 2464 365 2530 ciendam
393 2459 485 2525 iuitt
518 2458 571 2521 hic
599 2456 772 2540 municipia
805 2458 1019 2545 coloniasque

217 2577 321 2641 adiit:
350 2573 403 2638 hie
426 2569 531 2636 ltaliae
549 2568 652 2634 totins
674 2569 827 2634 nuxiiium
851 2573 1018 2655 cupientis

216 2686 421 2773 imploravitt
441 2683 495 2747 hic
510 2682 545 2744 in
559 2684 670 2747 senatu
690 2683 837 2767 princeps
849 2683 1017 2753 sententia·

214 2804 295 2868 fuit:
320 2800 469 2881 idemque
486 2814 560 2860 cum
580 2793 720 2870 dixisset,
732 2804 815 2861 -tutn
834 2796 934 2861 etiam
954 2819 1015 2882 pro

214 2916 314 2978 salute
337 2929 409 2974 meu
437 2909 591 2994 populum
619 2910 796 2972 Romanum
824 2910 1016 2980 obsecravit.

176 3041 206 3094 31
217 3027 327 3102 Quare
342 3023 431 3086 istam
444 3022 641 3094 orationem,
664 3039 729 3106 qua
742 3041 777 3086 er
797 3023 892 3100 usuc,
916 3027 1017 3089 omit.

215 3150 265 3205 tas
282 3138 379 3213 licet,
402 3134 468 3218 post
482 3134 571 3197 illam
585 3134 791 3210 sententiam,
808 3154 905 3218 quam
922 3138 1016 3205 dixe·

214 3274 283 3318 ram
297 3253 336 3315 de
349 3264 494 3324 annona,
518 3244 705 3329 pontificum
723 3246 846 3311 animos
860 3248 923 3313 effe
940 3272 1016 3316 rnu-

216 3377 321 3432 tatos:
345 3361 491 3445 perinde,
509 3357 593 3442 quasi
607 3358 655 3422 iiii
670 3368 728 3423 eut
741 3361 836 3425 deCn
861 3362 1013 3448 Pompeio

183 3518 185 3523 ·
213 3481 329 3555 aliter,
353 3483 453 3560 utque
472 3471 713 3557 egoexiiiimo,
741 3473 900 3556 sentiunt,
933 3487 1013 3559 not,
