2384 4134
313 398 380 462 nu
411 395 552 462 nunu
585 392 852 477 Aornum.
964 417 983 479 7

182 569 270 653 pacis
288 567 428 652 eripias?
459 567 546 632 Tum
561 589 637 633 vero
651 569 714 633 hoo
729 588 782 633 me
800 569 987 633 inertiorem

183 684 343 747 consulem
355 683 515 765 judicabo,
536 702 632 765 quam
647 684 721 747 illos
737 680 919 746 sortiffimoe
936 684 985 747 ri-

183 815 249 873 roe,
267 797 324 880 qui
336 797 422 878 apud
432 794 568 878 majores
581 795 703 860 nostros
712 798 865 872 fuerunta
886 788 984 878 qood.
1050 829 1053 834 ·

183 912 255 993 quae
275 908 460 992 vestigalia,
483 911 546 972 illis
562 910 760 986 consulibua,
784 910 902 992 populo
920 909 986 972 Ro·
1096 889 1099 893 ¹

183 1043 280 1086 mano
305 1032 397 1105 parta
414 1021 504 1097 sunt,
526 1042 581 1099 ea,
605 1044 657 1086 me
677 1021 825 1099 consule,
848 1043 889 1085 ne
908 1022 985 1085 reti·

183 1138 259 1201 neri·
279 1133 410 1219 quidem
429 1135 562 1218 potuisse
578 1135 818 1218 judicabuntur.
865 1133 1028 1201 venditu

140 1255 145 1264 '
182 1249 288 1335 ltaliae
302 1233 501 1333 pofi'essrones
516 1271 556 1313 ex
572 1250 685 1315 ordine
701 1268 825 1312 omues.
855 1248 927 1312 sane
940 1235 1013 1311 είὶ*ι

153 1450 156 1455 ⁵
183 1363 218 1427 in
239 1383 278 1427 eo
305 1363 451 1445 diligens.
485 1363 617 1427 nullum
643 1363 730 1426 enim
753 1361 984 1442 praetermittit.

148 1520 151 1527 -
183 1473 382 1560 persequitur
404 1476 439 1539 in
461 1477 579 1541 tabulis
604 1475 753 1540 censoriis
776 1485 878 1561 totam
906 1471 989 1538 Sici-

181 1589 270 1662 liam.
299 1589 423 1652 nulium
439 1588 631 1666 aedificium,
656 1589 764 1652 nullos
779 1608 873 1670 agros
888 1588 989 1652 relin-

163 1713 165 1717 '
183 1703 265 1788 quit.
287 1701 428 1768 Audistis
445 1694 629 1767 nutriorem
645 1701 902 1785 populiRomani
913 1721 990 1785 pro·

182 1815 333 1900 scriptam
357 1834 376 1880 a
403 1816 683 1897 tribunoplebis,
720 1813 925 1881 constitutam
953 1815 989 1878 in

184 1930 325 1995 mensem
339 1930 546 2006 Ja‘uuarium:
572 1927 627 2006 dc,
650 1930 762 2006 credo,
785 1929 990 1993 nondubita·

185 2043 240 2121 tir,
263 2043 341 2125 quin
350 2044 565 2119 ideircohaec,
587 2042 693 2105 aerarii
707 2041 809 2119 causa,
832 2060 897 2105 non
911 2060 989 2106 ven·
1096 2097 1102 2112 ,

185 2155 327 2220 diderint
340 2155 383 2230 ii,
407 2156 466 2235 qui
480 2156 577 2218 armis
591 2153 626 2220 ἃ
643 2156 762 2220 virtute
780 2161 989 2237 pepererunt,

186 2275 226 2332 ut
242 2264 337 2344 effet,
361 2269 450 2349 quod
472 2287 530 2331 nos
542 2312 553 2346 ,
575 2268 755 2352 largitionis
774 2267 887 2346 causa,
909 2286 991 2333 ven·

185 2381 348 2448 deremud.
755 2358 759 2364 ’

251 2493 370 2562 Videte
388 2513 473 2557 nunc
487 2493 626 2576 „quoad
648 2494 761 2558 fecerit
783 2494 875 2571 iter,
898 2509 1018 2576 aper-5

185 2611 272 2684 tius,
288 2585 393 2691 ¹quum
405 2610 513 2672 antea.
542 2626 618 2670 nam
631 2605 793 2694 superiore
806 2615 896 2689 parte
908 2607 991 2690 legis
1062 2650 1066 2657 ·

187 2723 461 2808 quemadmodum
489 2718 678 2803 Pompeium
701 2728 944 2803 oppugnarent,
972 2739 993 2784 e

186 2855 241 2901 me
253 2830 486 2899 indicatisunt:
501 2854 589 2920 nune
600 2833 667 2915 jam
680 2833 711 2898 se
723 2832 780 2917 ipfi
791 2835 990 2907 indicabunt.

152 2932 161 3015 J
185 2948 306 3024 Jubent
321 2949 430 3012 venire
441 2967 534 3030 agros
545 2945 756 3012 Attalensium
767 2944 863 3030 atque
873 2948 992 3031 Olym·

183 3079 356 3146 penorum.
387 3061 447 3125 hoe
461 3061 581 3143 populo
598 3061 742 3123 Romano
758 3059 902 3138 Servilii,
923 3062 993 3149 sora

184 3171 291 3239 tisiimi
309 3174 388 3252 viri,
411 3173 546 3241 vistoria
566 3172 725 3256 adjunxit.
762 3162 877 3238 deinde
896 3193 991 3255 agree
1080 3225 1083 3232 .
1105 3166 1110 3174 ’

183 3287 220 3353 in
240 3278 428 3355 Macedonia
452 3287 577 3369 region,
611 3287 668 3370 qui
683 3285 800 3370 partim
817 3286 859 3351 T.
874 3285 992 3351 Flami·
1094 3271 1115 3329 s

182 3401 273 3498 nini,
295 3401 411 3485 partim
427 3401 464 3464 L.
481 3401 591 3476 Pauli,
614 3399 669 3483 qui
685 3400 798 3465 Persen
815 3400 902 3478 vicit,
925 3400 993 3466 vir·
1013 3450 1016 3455 s

182 3519 255 3585 tute
273 3515 359 3600 parti
382 3515 473 3581 sunt:
496 3515 748 3625 deindeagrum
772 3511 991 3597 optimum&

675 3634 685 3669 r
743 3626 835 3716 Μ·
