2384 4134
189 457 194 482 ,
267 409 333 474 300
529 368 891 496 olanrro„

269 564 398 647 nequis
414 565 499 634 forte
512 563 652 630 vestrum
667 562 816 641 miretur,
827 562 907 647 quid
917 563 989 628 haec
1001 580 1059 628 nea
1103 593 1109 636 ι

271 680 373 743 oratio
388 686 456 740 tam
471 678 567 760 longa
584 696 623 743 ac
642 683 710 770 taur
728 677 793 740 alte
815 678 955 760 repetita
976 676 1060 752 velit,
1106 712 1109 747 ι

270 803 330 854 aut
351 791 429 874 quid
453 791 494 854 ad
512 792 547 854 P.
564 787 667 854 Sextii
687 789 830 864 causam,
853 810 994 868 eorum,
1016 788 1062 874 qui

270 914 345 968 ante
366 903 461 986 hujus
488 904 687 968 tribunatum
713 882 952 984 rempublicam
978 880 1064 967 vexi·

271 1026 374 1093 runt,
408 1014 525 1081 dellila
544 1017 739 1098 pertineant.
775 1012 855 1079 inihi
876 1016 1065 1080 autem'hoc

272 1130 465 1214 propositum
488 1129 532 1194 eii
549 1129 730 1207 ostendere,
753 1129 862 1215 omnia
882 1129 1015 1193 consilia
1034 1128 1064 1192 P.

272 1243 398 1319 Sextii,
429 1251 636 1324 mentemque
659 1242 760 1324 totius
781 1241 1065 1306 tribunatus-hanc

268 1355 372 1432 fuisse,
382 1363 419 1418 ut
431 1352 558 1442 afflictae
570 1355 603 1419 dc
613 1355 744 1436 perditae
760 1355 962 1437 reipublicae,
972 1374 1066 1438 quau·

268 1477 342 1534 tum
357 1467 467 1560 pollet,
483 1469 679 1537 mederetur.
701 1467 770 1544 Ac,
786 1466 809 1530 fi
823 1467 857 1530 in
874 1466 1065 1552 exponendis

267 1582 456 1649 volneribus
477 1582 542 1645 illis
563 1584 603 1646 de
625 1579 762 1663 meipso
785 1581 880 1662 plura
895 1582 1009 1646 dicere
1025 1580 1065 1645 vi·

267 1699 385 1772 deboc,
398 1695 562 1777 ignoscite.
585 1714 661 1759 nam
675 1693 709 1760 dt
725 1693 814 1757 illam
828 1713 938 1757 meam
952 1696 1067 1765 cladem

270 1831 329 1875 vos
345 1809 505 1872 &omnes
523 1807 599 1871 boni
614 1806 790 1871 maximum
805 1804 869 1871 effe
880 1808 1068 1890 ¹reipublice
1106 1878 1108 1927 q

138 1996 142 2005 ἱ
265 1923 383 1987 vulnus
397 1917 577 2002 judicastis3
601 1917 994 1998 &P.Sextius·estreus,
1009 1940 1068 1985 oon
1099 1948 1106 1981 ι

263 2034 338 2109 suo,
362 2033 414 2095 sed
428 2051 500 2094 meo
519 2031 672 2096 nomine:
696 2033 843 2115 quicum
858 2052 993 2097 omnem
1006 2035 1068 2099 vim

265 2147 312 2210 sui
328 2145 509 2208 tribunatus
524 2145 559 2207 in
569 2165 640 2210 mea
655 2145 755 2210 salute
772 2145 998 2224 consumserit,
1013 2168 1071 2210 ne·

264 2258 345 2325 cesse
365 2259 430 2335 eii,
453 2277 558 2337 meam
582 2259 710 2322 causam
730 2260 888 2340 praeteriti
911 2261 1071 2344 temporie

264 2396 339 2438 cum
366 2372 465 2455 hujus
497 2370 647 2454 praesenti
681 2368 863 2436 deienfione
891 2371 958 2437 effe
991 2394 1070 2439 con·
1105 2444 1108 2451 ¹

261 2485 419 2570 juniianr.

200 2623 255 2706 14
329 2601 407 2663 Erat
425 2600 523 2681 igitur
547 2600 582 2662 in
603 2595 692 2664 luiiu
717 2597 874 2663 senatus:
903 2599 1070 2682 squalebat

219 2721 254 2776 32
263 2714 395 2790 civitas,
416 2712 545 2795 publico
563 2709 691 2775 consilio
708 2720 836 2776 mutata
850 2711 961 2777 veste:
992 2715 1069 2778 nul·

260 2829 338 2903 ,iuml
350 2833 420 2890 erat
435 2826 539 2889 ltaliae
554 2824 787 2908 municipium,
809 2825 899 2889 nulla
915 2813 1067 2905 colonia,

259 2941 349 3005 nulia
367 2937 568 3022 praefectura,
579 2938 668 3002 nulla
684 2938 795 3001 Romae
811 2938 948 3003 societas
964 2939 1065 3006 vesti·

259 3054 401 3135 galium,
423 3053 548 3127 nullum
570 3052 766 3134 collegium,
789 3059 845 3127 aut
869 3052 1065 3134 concilium,

259 3175 317 3231 aut
347 3166 477 3230 omnino
514 3165 643 3247 aliquod
676 3184 846 3261 commune
874 3164 1062 3241 confilium,

258 3282 345 3366 quod
367 3291 437 3343 tum
459 3298 523 3342 non
542 3272 856 3342 honorificentifflne
875 3279 1063 3346 decreviffe't

222 3455 224 3460 .
256 3397 297 3460 de
311 3393 498 3467 meatsalute
513 3411 522 3455 ε
540 3412 614 3458 cum
630 3388 731 3456 subiio
749 3391 884 3455 edicunt
895 3392 960 3456 duo
981 3376 1059 3459 conss

254 3507 339 3574 sulec
351 3553 362 3588 ,
385 3514 422 3573 ut
438 3507 479 3574 ad
497 3505 589 3572 suom
613 3503 765 3572 vestitum
787 3504 949 3572 senatores
975 3507 1061 3574 re'di·
