2384 4134
270 307 341 373 ffi,
535 284 819 355 oonrro

206 474 258 536 107
276 463 325 528 rio
337 460 550 527 turbulente.
570 461 1080 531 Habuitoeeooemmelbbeo-

274 580 364 643 tulus
374 574 485 640 consul
496 577 701 642 concionem:
721 577 893 642 concursus
907 572 958 642 est·
964 578 1081 663 populi

273 690 414 757 Romani
431 687 556 755 inibunt
577 710 692 754 ornnes
709 692 857 768 ordines,
879 698 950 756 tota
966 691 1004 755 in
1021 692 1080 757 iun

274 798 430 879 concione
446 804 543 869 ltalia
559 803 713 869 constitit.
755 805 832 887 Egit
846 804 977 869 causano
993 805 1081 869 surn-

274 930 422 984 uacum
442 915 604 1000 gravitate
627 917 784 1001 copiaque
807 918 956 996 dicendi,
984 927 1079 983 tanto

272 1031 417 1109 silentio,
439 1038 537 1094 tanta
553 1030 783 1114 approbatione
803 1032 974 1109 oninium,
996 1033 1080 1097 nihil

273 1158 312 1215 ut
323 1164 477 1229 umquam
486 1144 649 1209 videretur
661 1152 729 1208 tom
744 1145 896 1229 populare
908 1145 950 1209 ad
963 1146 1079 1230 populi

273 1259 411 1325 Romani
426 1277 520 1323 autes
535 1255 695 1321 occidisse.
727 1256 906 1323 Produstuo
920 1257 965 1324 est
980 1261 1022 1325 ab
1036 1281 1077 1327 eo

273 1373 333 1441 cn.
351 1370 544 1467 pompejus,
564 1370 624 1454 qui
644 1370 677 1435 se
695 1391 762 1436 non
784 1372 888 1437 solun
908 1370 1078 1441 austorenn

271 1507 353 1553 meae
365 1486 475 1550 solutio
480 1531 491 1563 ,
505 1484 558 1551 sed
572 1483 674 1549 etiarn
688 1483 864 1569 supplicem
881 1487 1001 1571 populo
1010 1487 1080 1553 Ro-

271 1621 368 1667 mano
392 1598 551 1664 exhibuit.
580 1597 678 1681 hujus
701 1599 806 1663 oratio
833 1597 867 1666 ἃ
893 1602 1080 1684 pergravia,

270 1713 306 1781 ἃ
322 1724 414 1797 grata
429 1711 577 1778 concioni
596 1711 670 1776 fuit.
700 1709 753 1775 Sic
770 1715 955 1791 contendo,
978 1735 1078 1789 nuno,-

270 1849 367 1914 quam
386 1848 492 1911 neque
517 1824 707 1889 sententiam
727 1823 823 1906 ejus,
853 1825 1074 1907 corrodente,

268 1961 374 2025 neque
385 1938 615 2021 eloquentiam,
624 1936 824 2020 jucunditate
835 1938 927 2004 fuiiie
939 1942 1078 2024 majore.

202 2071 253 2125 108
271 2055 347 2131 Quo
369 2051 492 2117 silentio
515 2051 587 2116 sunt
606 2051 709 2131 auditi
728 2053 768 2117 de
790 2072 843 2117 me
861 2054 962 2120 ceteri
984 2056 1077 2138 prin·

269 2171 357 2252 cipes
373 2164 538 2231 civitatis?
559 2186 643 2249 quoe
655 2165 775 2229 idcirco
789 2185 856 2231 non
869 2168 995 2250 appello
1011 2168 1075 2233 hoc

268 2283 363 2359 loco,
379 2302 420 2344 ne
436 2298 509 2370 mea
528 2279 651 2356 oratio,
668 2276 692 2345 fi
707 2280 817 2343 minus
831 2281 876 2346 de
893 2280 1006 2363 aliquo
1024 2278 1075 2347 di·¹

268 2416 365 2471 xero,
388 2395 538 2476 ingram
559 2390 583 2455 fi
602 2392 676 2457 satis
694 2391 734 2456 de
748 2392 920 2470 omnibus,
941 2389 1074 2465 infinita

266 2508 330 2573 effe
345 2509 503 2573 videatur.
537 2505 623 2573 Cedo
639 2525 725 2570 nuno
740 2505 885 2587 ejusdem
901 2506 992 2573 illinc
1009 2510 1074 2575 ini·

265 2623 342 2687 mici
365 2622 430 2685 mei
446 2622 487 2684 de
503 2639 555 2683 me
577 2621 692 2684 eodem
710 2621 752 2683 ad
770 2639 885 2685 varum
909 2625 1073 2703 populum
1092 2692 1095 2701 ,

264 2736 299 2801 ἰιι
317 2750 430 2819 caupo
446 2733 563 2797 Martio
581 2733 782 2798 concionem.
815 2732 899 2808 Quin
913 2752 1076 2813 nonnio-

263 2850 305 2914 do
326 2847 535 2931 approbavit,
557 2845 697 2911 sednon
720 2843 971 2929 indigniffimum
987 2850 1073 2917 inci-

262 2982 326 3027 nus
340 2963 482 3044 putavit,
504 2962 597 3025 ilium
612 2979 677 3024 non
694 2960 800 3024 dicam
815 2960 928 3045 loqui,
951 2961 1005 3027 sed
1022 2965 1072 3030 vi·

261 3096 337 3145 vere
350 3094 388 3138 ac
406 3073 545 3158 spirare?
565 3074 638 3155 quis
652 3073 735 3150 fnit,
751 3074 807 3158 qui
821 3074 970 3157 nunejus
986 3096 1070 3142 voce

261 3188 421 3254 maculari
436 3187 688 3270 rempublicam,
711 3187 823 3272 seque,
841 3185 956 3263 fieurn
973 3192 1069 3257 audi-

193 3309 242 3398 51
260 3313 329 3378 ret,
351 3302 468 3367 scelere
481 3299 633 3383 adstringi
646 3300 880 3367 arbitraretur?
902 3299 1012 3369 Venio
1025 3306 1068 3370 ad

193 3410 243 3467 ¹09
258 3416 410 3496 coniitia,
433 3414 497 3482 five
516 3411 759 3503 magistratuum
780 3415 911 3500 piacet,
932 3413 999 3485 five
1019 3418 1067 3487 le·
