2384 4134
190 395 251 460 sn
270 389 482 483 nummus
500 390 611 460 poss
627 390 845 460 nnumvu.
890 412 934 480 ι,

129 572 206 656 plus
227 569 309 634 mihi
327 567 617 655 nunc-‘voluptatis
642 565 806 647 afferunt,
826 586 933 652 quem

131 694 211 749 tunc
226 683 403 748 incolumes
418 678 605 747 afferebant.
648 682 832 758 Amicitiae,
854 701 935 746 con·

131 797 338 872 suetudines,
363 795 562 873 vicinitates,
583 775 761 874 clientelae,
789 796 858 861 ludi
877 797 935 861 de·

132 913 252 994 nique,
275 909 309 974 δι
327 909 396 973 dies
409 907 502 987 teli,
525 909 603 992 quid
617 910 936 993 haberent-volupe-

133 1024 195 1100 tis,
225 1023 362 1087 carendo
385 1021 489 1105 magis
505 1022 680 1100 intellexi,
708 1042 805 1106 quem
825 1024 936 1088 fruen-

136 1129 191 1202 do.
235 1137 306 1212 lam
325 1153 402 1200 vero
416 1135 541 1213 honos,
563 1135 722 1218 dignitas,
743 1136 859 1215 locus,
879 1140 961 1229 [orssu

136 1252 198 1327 do,
220 1247 377 1315 beneficia
394 1247 513 1327 vestra,
536 1267 733 1333 quemqnam
754 1243 841 1314 mihi
853 1251 936 1315 sens·

137 1382 195 1447 per
210 1359 377 1427 cluriflima
392 1361 458 1425 viss
478 1362 570 1440 sunt,
581 1372 708 1427 tumen.
723 1382 763 1426 ea
779 1384 867 1428 nunc
884 1384 937 1430 res

137 1486 280 1553 novato,
311 1473 482 1539 illustriore
499 1457 655 1540 'videntur
667 1521 679 1555 ,
708 1495 806 1560 quam
829 1475 853 1540 fi
877 1479 937 1542 ob-

137 1590 265 1653 scurata
282 1607 347 1653 non
365 1586 495 1653 elsent..
520 1589 591 1671 lpss
613 1596 725 1654 sutem
746 1589 869 1672 patria,
890 1592 938 1655 dii
1046 1651 1050 1662 ,

136 1701 354 1766 immortales!
384 1701 448 1765 dici
465 1701 520 1767 vix
535 1699 657 1785 potest,
679 1702 756 1786 quid
773 1703 937 1782 caritatis,

137 1817 226 1900 quid
243 1813 420 1897 voluptatis
444 1813 585 1881 hebeat!
622 1834 698 1900 quae
711 1815 843 1898 ¹species
869 1818 938 1882 Ite·
956 1836 958 1847 ¹

135 1930 212 1995 lise!
235 1947 308 2013 quae
326 1927 494 2007 celebritas
511 1929 723 2012 oppidorum!
745 1949 818 2013 qnae
832 1931 939 1996 forms

138 2042 325 2123 regionum!
349 2039 405 2124 qui
420 2040 508 2123 agri!
531 2061 607 2125 quse
625 2043 752 2124 fruges!
775 2063 849 2125 quae
865 2045 939 2128 pul·

138 2153 288 2217 chritudo
316 2152 436 2219 urbisl
468 2172 544 2236 quoe
571 2153 756 2218 humanitas
785 2157 936 2222 civium!

138 2288 211 2351 quae
234 2264 419 2349 reipublicae
441 2262 599 2347 dignitas!
627 2286 702 2350 quse
717 2266 820 2332 vestra
836 2271 938 2352 maje-

138 2381 230 2446 stas!
263 2379 380 2462 quibus
403 2397 463 2462 ego
487 2379 637 2443 omnibus
659 2389 755 2443 antes
779 2382 876 2444 rebus
893 2380 937 2446 fic

137 2494 298 2570 fruebar,
330 2500 492 2556 utnemo
520 2493 635 2576 magis.
678 2489 742 2557 Sed
773 2500 938 2578 tamqnam

138 2608 223 2673 bons
263 2606 407 2672 valitudo
440 2604 613 2688 jucundior
642 2604 687 2670 est
720 2607 798 2685 eis,
829 2609 888 2690 qui
918 2632 937 2673 e

140 2721 230 2801 gravi
253 2721 365 2784 morbo
383 2719 521 2784 recreati
538 2694 629 2797 snut,
653 2738 751 2805 quem
767 2721 823 2803 qui
841 2742 938 2786 num·

139 2851 239 2921 quam
259 2852 345 2915 aegro
366 2852 498 2914 corpore
516 2835 678 2911 fuerunt3
707 2831 749 2896 fic
772 2837 937 2900 euomuit
965 2822 968 2827 ¹

137 2944 312 3010 desiderata
335 2947 460 3028 magis,
490 2964 590 3030 quam
614 2943 732 3012 affiduc
758 2957 936 3032 percepta,

138 3046 311 3133 delectant,
357 3059 517 3136 Quorsum
532 3059 646 3143 igitur
672 3061 744 3124 haec
778 3061 902 3144 disputo
917 3063 973 3138 22

135 3170 321 3259 quorsum?
353 3182 389 3236 ut
408 3172 588 3258 intelligere
609 3170 746 3257 poffitis,
773 3168 961 3240 neminem⁵

133 3304 290 3368 umquam
308 3296 399 3351 tants
414 3266 601 3369 eloquentis
614 3286 726 3366 fuisse,
749 3308 854 3371 neque
868 3296 936 3351 tem

98 3438 100 3465 ι
135 3400 245 3465 divino
263 3419 360 3484 utque
377 3399 555 3465 incredibili
568 3426 570 3431 ⁸
576 3420 694 3483 genere
714 3401 856 3476 dicendi,
879 3401 935 3483 qui

134 3513 312 3582 vestrorum
327 3513 605 3602 magnitudinem,
627 3515 936 3599 multitudinemque
