2384 4134
209 480 211 484 ,
283 399 379 466 nno
408 395 613 464 Ancum
641 391 823 490 nourr.
914 405 953 463 ιι

156 577 288 640 civitate
309 568 675 654 dubitetir,.praesertim
693 587 768 639 cum
786 565 857 629 eliis
874 582 956 646 quo·

157 712 223 773 qne
237 690 270 750 in
286 686 470 750 civitatibus
488 684 586 749 suerit
603 679 802 764 adscriptus?
824 679 955 743 Etenim

158 824 231 864 cum
251 799 467 864 mediocribus
484 797 616 871 multis,
638 794 673 859 ἂ
694 803 754 859 aut
769 794 877 870 nulla,
899 775 957 857 aut

157 914 271 979 hurn'ili
286 914 393 996 aliquo
413 918 485 977 arte
498 909 659 993 praeditis,
683 908 826 990 gratuito
839 907 955 972 civita·

157 1038 225 1090 tem
241 1028 273 1090 in
284 1025 411 1088 Graecia
424 1025 571 1087 homines
585 1021 860 1107 impertiebantur,
870 1021 958 1086 Rhe·

159 1141 252 1222 ginos
266 1139 361 1202 c'redo
375 1183 385 1214 ,
409 1145 467 1200 out
480 1135 673 1212 Locrenses,
696 1143 755 1213 aut
769 1134 957 1217 Neapolita-

159 1273 238 1329 nos,
260 1260 316 1315 eut
332 1249 544 1326 Tarentinos,
566 1251 652 1331 quod
675 1247 806 1312 scenicis
825 1248 959 1312 artifici·

159 1367 220 1430 bus
235 1364 347 1446 largiri
361 1363 520 1439 solebant,
538 1363 570 1425 id
585 1363 683 1440 huic,
700 1361 822 1426 summa
836 1361 959 1444 ingenii

160 1476 430 1562 praeditogioria,
451 1460 596 1540 noluiffe·
619 1474 736 1550 Quid?
759 1496 836 1538 cum
849 1477 962 1553 ceteri,

161 1611 227 1656 non
245 1592 341 1654 modo
358 1588 424 1672 post
444 1588 610 1670 civitatem
630 1590 763 1666 datum,
792 1589 960 1654 sedetiam
990 1568 993 1577 ⁴
1098 1597 1100 1600 ’

161 1705 229 1788 post
245 1705 347 1785 legem
372 1694 526 1792 Paoiam,
554 1701 663 1785 aliquo
681 1701 779 1799 modo
795 1703 829 1766 in
848 1723 961 1768 eorum

95 1876 97 1883 .
162 1816 410 1899 municipiorum
429 1816 556 1880 tabulas
572 1814 778 1895 ·irrepserint;
807 1815 880 1889 hic,
902 1817 961 1899 qui

161 1950 203 1994 ne
215 1931 319 1992 utitur
331 1929 463 2012 quidem
476 1928 557 2006 iltis,
574 1928 610 1992 iu
625 1929 740 2011 quibus
755 1928 800 1993 est
811 1926 962 2013 scrIptuc,

163 2043 250 2125 quod
274 2042 396 2121 semper
419 2041 450 2104 se
477 2040 721 2127 Heracleensem
744 2040 812 2106 esse
837 2044 962 2122 voluit,

154 2152 356 2235 'rejicietur‘s
379 2130 498 2218 censm
522 2152 647 2217 nostros
672 2156 809 2236 requiris
824 2156 1004 2224 'scilieetrr

164 2266 209 2333 est
236 2266 324 2330 enim
354 2263 547 2342 obscurum,
575 2265 961 2347 proximisoensoribus',

163 2382 251 2447 hunc
268 2378 340 2442 curn
358 2374 525 2443 clarissmo
542 2376 746 2460 imperatore,
763 2378 804 2443 L..
811 2378 962 2464 Lucullo,

164 2494 249 2578 apud
270 2492 453 2556 exercitum*
469 2469 585 2556 fuisse:
616 2491 856 2574 superioribus,
884 2517 963 2562 cum

163 2610 278 2672 eodem
295 2603 451 2688 quaestore
468 2603 561 2676 ,suiffe
579 2604 613 2668 in
634 2603 727 2669 Afiat
748 2609 881 2688 primis,
903 2612 964 2687 Ju.

163 2719 208 2783 lio
222 2718 256 2784 δι
267 2718 393 2794 Crasso,
407 2718 531 2782 nullam
548 2718 659 2801 populi
673 2727 795 2802 partem
810 2720 873 2787 effe
888 2743 964 2788 cen-

108 2853 110 2863 ’
164 2831 241 2897 satu.
286 2828 368 2908 Sed,
391 2831 545 2915 quoniam
561 2830 672 2895 census
693 2852 759 2895 non
775 2832 831 2914 jus
848 2837 963 2901 civita·

164 2945 208 3007 tis
223 2941 412 3022 confirmat,
429 2964 466 3007 ac
481 2946 706 3009 tantummodo
721 2945 857 3027 indicat,
874 2970 961 3029 eum,

165 3057 222 3140 qui
239 3054 277 3119 stt
295 3056 425 3134 censue,
448 3058 495 3121 ita
510 3057 542 3122 se
554 3056 619 3141 jem
631 3048 701 3123 tum
714 3056 831 3141 gesfitie
848 3081 905 3145 pro
918 3067 965 3128 ci·

166 3190 228 3236 ve:
246 3168 530 3252 intentioribus,
551 3190 627 3254 quae
638 3179 684 3239 ¹tu
701 3173 899 3253 criminaris,
921 3198 964 3241 ne
1003 3230 1006 3236 .

166 3282 263 3367 ipsius
279 3281 406 3366 quidem
421 3282 543 3364 judicio
564 3305 637 3349 eum
654 3287 688 3349 in
708 3286 828 3351 civium
845 3289 966 3353 Romu·

166 3416 280 3462 norum
303 3397 375 3477 jure
397 3394 459 3461 esse
479 3397 661 3476 versutum,
684 3397 718 3465 δι
740 3390 966 3469 testamentum

167 3510 248 3597 sape
262 3511 340 3580 fecit
352 3509 467 3577 nostrie
482 3510 664 3597 legibue&
679 3513 758 3580 adiit
771 3515 967 3584 hereditate»
